@article{Susskind:1978ms,
      author         = "Susskind, Leonard",
      title          = "{Dynamics of Spontaneous Symmetry Breaking in the
                        Weinberg-Salam Theory}",
      journal        = "Phys. Rev. D",
      volume         = "20",
      year           = "1979",
      pages          = "2619",
      doi            = "10.1103/PhysRevD.20.2619",
      reportNumber   = "SLAC-PUB-2142",
      SLACcitation   = "%%CITATION = PHRVA,D20,2619;%%"
}

@article{ArkaniHamed:1998rs,
      author         = "Arkani--Hamed, Nima and Dimopoulos, Savas and Dvali, G.R.",
      title          = "The Hierarchy problem and new dimensions at a
                        millimeter",
      journal        = "Phys. Lett. B",
      volume         = "429",
      pages          = "263",
      doi            = "10.1016/S0370-2693(98)00466-3",
      year           = "1998",
      eprint         = "hep-ph/9803315",
      archivePrefix  = "arXiv",
      primaryClass   = "hep-ph",
      reportNumber   = "SLAC-PUB-7769, SU-ITP-98-13",
      SLACcitation   = "%%CITATION = HEP-PH/9803315;%%",
}


@article{Franceschini:2011wr,
    author = "Franceschini, Roberto and Giardino, Pier Paolo and Giudice, Gian F. and Lodone, Paolo and Strumia, Alessandro",
    title = "{LHC bounds on large extra dimensions}",
    eprint = "1101.4919",
    archivePrefix = "arXiv",
    primaryClass = "hep-ph",
    reportNumber = "IFUP-TH-2010-43, CERN-PH-TH-2010-286",
    doi = "10.1007/JHEP05(2011)092",
    journal = "JHEP",
    volume = "05",
    pages = "092",
    year = "2011"
}




@article{Antoniadis:1998ig,
    author = "Antoniadis, Ignatios and Arkani-Hamed, Nima and Dimopoulos, Savas and Dvali, G. R.",
    title = "{New dimensions at a millimeter to a Fermi and superstrings at a TeV}",
    eprint = "hep-ph/9804398",
    archivePrefix = "arXiv",
    reportNumber = "SLAC-PUB-7801, SU-ITP-98-28, CPTH-S608-0498, IC-98-39",
    doi = "10.1016/S0370-2693(98)00860-0",
    journal = "Phys. Lett. B",
    volume = "436",
    pages = "257--263",
    year = "1998"
}


% %%
% ATLAS diphoton results
% %%
% 2016 data with 37 fb-1
@article{Aaboud:2017yyg,
      author         = "Aaboud, Morad and others",
      title          = "Search for new phenomena in high-mass diphoton final
                        states using {37\fbinv} of proton--proton collisions
                        collected at {$\sqrt{s}=13$ TeV} with the {ATLAS} detector",
      collaboration  = "ATLAS",
      journal        = "Phys. Lett. B",
      volume         = "775",
      year           = "2017",
      pages          = "105",
      doi            = "10.1016/j.physletb.2017.10.039",
      eprint         = "1707.04147",
      archivePrefix  = "arXiv",
      primaryClass   = "hep-ex",
      reportNumber   = "CERN-EP-2017-132",
      SLACcitation   = "%%CITATION = ARXIV:1707.04147;%%"
}

%ATLAS 137/fb search
@article{Aad:2021,
  title = "Search for resonances decaying into photon pairs in 139 fb$^{-1}$ of pp collisions at $\sqrt{s}$=13 {T}e{V} with the {ATLAS} detector",
      collaboration  = "ATLAS",
      journal        = "Phys. Lett. B",
      volume         = "822",
      year           = "2021",
      pages          = "136651",
      doi            = "10.1016/j.physletb.2021.136651",
      eprint         = "2102.13405",
      archivePrefix  = "arXiv",
      primaryClass   = "hep-ex",
      reportNumber   = "CERN-EP-2020-248"
      }

% 2016 data with 15.4 fb-1
@techreport{ATLAS-CONF-2016-059,
      title         = "Search for scalar diphoton resonances with {15.4\fbinv}
                       of data collected at {$\sqrt{s}=13$ TeV} in 2015 and 2016
                       with the {ATLAS} detector",
      institution   = "CERN",
      collaboration = "ATLAS Collaboration",
      address       = "Geneva",
      number        = "ATLAS-CONF-2016-059",
      month         = "Aug",
      year          = "2016",
      reportNumber  = "ATLAS-CONF-2016-059",
      url           = "http://cds.cern.ch/record/2206154",
}
% 2015 data with 3.2 fb-1
@article{Aaboud:2016tru,
      author         = "Aaboud, Morad and others",
      title          = "Search for resonances in diphoton events at
                        {$\sqrt{s} = 13$ TeV} with the {ATLAS} detector",
      collaboration  = "ATLAS",
      journal        = "JHEP",
      volume         = "09",
      year           = "2016",
      pages          = "001",
      doi            = "10.1007/JHEP09(2016)001",
      eprint         = "1606.03833",
      archivePrefix  = "arXiv",
      primaryClass   = "hep-ex",
      reportNumber   = "CERN-EP-2016-120",
      SLACcitation   = "%%CITATION = ARXIV:1606.03833;%%"
}
% 2012 data with 20.3 fb-1
@article{Aad:2015mna,
      author         = "Aad, Georges and others",
      title          = "Search for high-mass diphoton resonances in pp
                        collisions at {$\sqrt{s}=8$ TeV} with the {ATLAS} detector",
      collaboration  = "ATLAS",
      journal        = "Phys. Rev. D",
      volume         = "92",
      year           = "2015",
      pages          = "032004",
      doi            = "10.1103/PhysRevD.92.032004",
      eprint         = "1504.05511",
      archivePrefix  = "arXiv",
      primaryClass   = "hep-ex",
      reportNumber   = "CERN-PH-EP-2015-043",
      SLACcitation   = "%%CITATION = ARXIV:1504.05511;%%"
}
% 2011 data with 4.9 fb-1
@article{Aad:2012cy,
      author         = "Aad, Georges and others",
      title          = "Search for extra dimensions in diphoton events using
                        proton-proton collisions recorded at {$\sqrt{s}=7$ TeV} with
                        the {ATLAS} detector at the {LHC}",
      collaboration  = "ATLAS",
      journal        = "New J. Phys.",
      volume         = "15",
      year           = "2013",
      pages          = "043007",
      doi            = "10.1088/1367-2630/15/4/043007",
      eprint         = "1210.8389",
      archivePrefix  = "arXiv",
      primaryClass   = "hep-ex",
      reportNumber   = "CERN-PH-EP-2012-289",
      SLACcitation   = "%%CITATION = ARXIV:1210.8389;%%"
}
% 2011 data with 2.12 fb-1
@article{ATLAS:2011ab,
      author         = "Aad, Georges and others",
      title          = "Search for extra dimensions using diphoton events in 7 {TeV} proton-proton collisions with the {ATLAS} detector",
      collaboration  = "ATLAS",
      journal        = "Phys. Lett.",
      volume         = "B710",
      year           = "2012",
      pages          = "538-556",
      doi            = "10.1016/j.physletb.2012.03.022",
      eprint         = "1112.2194",
      archivePrefix  = "arXiv",
      primaryClass   = "hep-ex",
      reportNumber   = "CERN-PH-EP-2011-189",
      SLACcitation   = "%%CITATION = ARXIV:1112.2194;%%"
}
% %%
% CMS diphoton results
% %%


%% CMS full 2016 result
@article{Sirunyan:2018wnk,
      author         = "Sirunyan, A. M. and others",
      title          = "{Search for physics beyond the standard model in
                        high-mass diphoton events from proton-proton collisions at
                        $\sqrt{s} =$ 13 TeV}",
      collaboration  = "CMS",
      journal        = "Phys. Rev. D",
      volume         = "98",
      year           = "2018",
      pages          = "092001",
      doi            = "10.1103/PhysRevD.98.092001",
      eprint         = "1809.00327",
      archivePrefix  = "arXiv",
      primaryClass   = "hep-ex",
      reportNumber   = "CMS-EXO-17-017, CERN-EP-2018-219",
      SLACcitation   = "%%CITATION = ARXIV:1809.00327;%%"
}

% 2016 data with 12.9 fb-1
@article{Khachatryan:2016yec,
      author         = "Khachatryan, Vardan and others",
      title          = "Search for high-mass diphoton resonances in
                        proton-proton collisions at 13 {TeV} and combination with
                        8 {TeV} search",
      collaboration  = "CMS",
      journal        = "Phys. Lett. B",
      volume         = "767",
      year           = "2017",
      pages          = "147",
      doi            = "10.1016/j.physletb.2017.01.027",
      eprint         = "1609.02507",
      archivePrefix  = "arXiv",
      primaryClass   = "hep-ex",
      reportNumber   = "CMS-EXO-16-027, CERN-EP-2016-216, CMS-EXO-16-02",
      SLACcitation   = "%%CITATION = ARXIV:1609.02507;%%"
}
% 2015 data with 3.3 fb-1
@article{Khachatryan:2016hje,
      author         = "Khachatryan, Vardan and others",
      title          = "Search for Resonant Production of High-Mass Photon Pairs
                        in Proton-Proton Collisions at {$\sqrt{s}=8$} and 13 {TeV}",
      collaboration  = "CMS",
      journal        = "Phys. Rev. Lett.",
      volume         = "117",
      year           = "2016",
      pages          = "051802",
      doi            = "10.1103/PhysRevLett.117.051802",
      eprint         = "1606.04093",
      archivePrefix  = "arXiv",
      primaryClass   = "hep-ex",
      reportNumber   = "CMS-EXO-16-018, CERN-EP-2016-154",
      SLACcitation   = "%%CITATION = ARXIV:1606.04093;%%"
}
% 2012 data with 19.5 fb-1
@techreport{CMS-PAS-EXO-12-045,
      title         = "{Search for High-Mass Diphoton Resonances in pp Collisions
                       at $\sqrt{s}=8$ TeV with the CMS Detector}",
      institution   = "CERN",
      collaboration = "CMS",
      address       = "Geneva",
      number        = "CMS-PAS-EXO-12-045",
      year          = "2015",
      reportNumber  = "CMS-PAS-EXO-12-045",
      url           = "http://cds.cern.ch/record/2017806",
}
% 2012 data with 19.7 fb-1 from 150-850 GeV
@article{Khachatryan:2015qba,
      author         = "Khachatryan, Vardan and others",
      title          = "Search for diphoton resonances in the mass range from
                        150 to 850 {GeV} in pp collisions at {$\sqrt{s} =8$ TeV}",
      collaboration  = "CMS",
      journal        = "Phys. Lett. B",
      volume         = "750",
      year           = "2015",
      pages          = "494",
      doi            = "10.1016/j.physletb.2015.09.062",
      eprint         = "1506.02301",
      archivePrefix  = "arXiv",
      primaryClass   = "hep-ex",
      reportNumber   = "CMS-HIG-14-006, CERN-PH-EP-2015-113",
      SLACcitation   = "%%CITATION = ARXIV:1506.02301;%%"
}
% 2011 data with 2.2 fb-1
@article{Chatrchyan:2011fq,
      author         = "Chatrchyan, Serguei and others",
      title          = "{Search for signatures of extra dimensions in the
                        diphoton mass spectrum at the Large Hadron Collider}",
      collaboration  = "CMS",
      journal        = "Phys. Rev. Lett.",
      volume         = "108",
      year           = "2012",
      pages          = "111801",
      doi            = "10.1103/PhysRevLett.108.111801",
      eprint         = "1112.0688",
      archivePrefix  = "arXiv",
      primaryClass   = "hep-ex",
      reportNumber   = "CERN-PH-EP-2011-173, CMS-EXO-11-038",
      SLACcitation   = "%%CITATION = ARXIV:1112.0688;%%"
}
% 2010 data with 36 pb-1
@article{Chatrchyan:2011jx,
      author         = "{CMS Collaboration}",
      title          = "{Search for large extra dimensions in the diphoton final
                        state at the large hadron collider}",
      collaboration  = "CMS",
      journal        = "JHEP",
      volume         = "05",
      year           = "2011",
      pages          = "085",
      doi            = "10.1007/JHEP05(2011)085",
      eprint         = "1103.4279",
      archivePrefix  = "arXiv",
      primaryClass   = "hep-ex",
      reportNumber   = "CERN-PH-EP-2011-020, CMS-EXO-10-026",
      SLACcitation   = "%%CITATION = ARXIV:1103.4279;%%"
}

% CDF diphoton
@article{Aaltonen:2011xp,
      author         = "Aaltonen, T. and others",
      title          = "Search for New Dielectron Resonances and {Randall--Sundrum}
                        Gravitons at the {Collider Detector at Fermilab}",
      collaboration  = "CDF",
      journal        = "Phys. Rev. Lett.",
      volume         = "107",
      year           = "2011",
      pages          = "051801",
      doi            = "10.1103/PhysRevLett.107.051801",
      eprint         = "1103.4650",
      archivePrefix  = "arXiv",
      primaryClass   = "hep-ex",
      reportNumber   = "FERMILAB-PUB-11-178-E",
      SLACcitation   = "%%CITATION = ARXIV:1103.4650;%%"
}

% D0 diphoton search
@article{Abazov:2010xh,
      author         = "Abazov, Victor Mukhamedovich and others",
      title          = "Search for {Randall--Sundrum} gravitons in the dielectron
                        and diphoton final states with {5.4\fbinv} of data from
                        {p$\bar{\rm p}$} collisions at {$\sqrt{s}=1.96$ TeV}",
      collaboration  = "D0",
      journal        = "Phys. Rev. Lett.",
      volume         = "104",
      year           = "2010",
      pages          = "241802",
      doi            = "10.1103/PhysRevLett.104.241802",
      eprint         = "1004.1826",
      archivePrefix  = "arXiv",
      primaryClass   = "hep-ex",
      reportNumber   = "FERMILAB-PUB-10-075-E",
      SLACcitation   = "%%CITATION = ARXIV:1004.1826;%%"
}


@article{Weinberg:1975gm,
      author         = "Weinberg, Steven",
      title          = "{Implications of Dynamical Symmetry Breaking}",
      journal        = "Phys. Rev. D",
      volume         = "13",
      year           = "1976",
      pages          = "974",
      doi            = "10.1103/PhysRevD.13.974",
      note           = "[Addendum: \DOI{10.1103/PhysRevD.19.1277}]",
      reportNumber   = "PRINT-75-0804 (HARVARD)",
      SLACcitation   = "%%CITATION = PHRVA,D13,974;%%"
}

@article{ArkaniHamed:1998nn,
      author         = "Arkani--Hamed, Nima and Dimopoulos, Savas and Dvali, G.
                        R.",
      title          = "Phenomenology, astrophysics and cosmology of theories
                        with submillimeter dimensions and {TeV} scale quantum
                        gravity",
      journal        = "Phys. Rev. D",
      volume         = "59",
      year           = "1999",
      pages          = "086004",
      doi            = "10.1103/PhysRevD.59.086004",
      eprint         = "hep-ph/9807344",
      archivePrefix  = "arXiv",
      primaryClass   = "hep-ph",
      reportNumber   = "SLAC-PUB-7864, SU-ITP-98-142, IC-98-44",
      SLACcitation   = "%%CITATION = HEP-PH/9807344;%%"
}



@article{D0:2000cve,
    author = "Abbott, B. and others",
    collaboration = "D0",
    title = "{Search for large extra dimensions in dielectron and diphoton production}",
    eprint = "hep-ex/0008065",
    archivePrefix = "arXiv",
    reportNumber = "FERMILAB-PUB-00-210-E",
    doi = "10.1103/PhysRevLett.86.1156",
    journal = "Phys. Rev. Lett.",
    volume = "86",
    pages = "1156",
    year = "2001"
}

@article{D0:2008hxb,
	author = "Abazov, V. M. and others",
	collaboration = "D0",
	title = "{Search for large extra spatial dimensions in the dielectron and diphoton channels in $p \bar{p}$ collisions at $\sqrt{s}$ = 1.96 TeV}",
	eprint = "0809.2813",
	archivePrefix = "arXiv",
	primaryClass = "hep-ex",
	reportNumber = "FERMILAB-PUB-08-368-E",
	doi = "10.1103/PhysRevLett.102.051601",
	journal = "Phys. Rev. Lett.",
	volume = "102",
	pages = "051601",
	year = "2009"
}


@article{D0:2005srl,
    author = "Abazov, V. M. and others",
    collaboration = "D0",
    title = "Search for {Randall--Sundrum} gravitons in dilepton and diphoton final states",
    eprint = "hep-ex/0505018",
    archivePrefix = "arXiv",
    reportNumber = "FERMILAB-PUB-05-126-E-T",
    doi = "10.1103/PhysRevLett.95.091801",
    journal = "Phys. Rev. Lett.",
    volume = "95",
    pages = "091801",
    year = "2005"
}


@article{CDF:2002hrr,
    author = "Acosta, D. and others",
    collaboration = "CDF",
    title = "Limits on Extra Dimensions and New Particle Production in the Exclusive Photon and Missing Energy Signature in $p\bar{p}$ Collisions at $\sqrt{s} = 1.8$ {TeV}",
    eprint = "hep-ex/0205057",
    archivePrefix = "arXiv",
    reportNumber = {\hyp{}FERMILAB-PUB-02-119-E, CDF-PUB-EXOTIC-CDFR-5765, EFI-01-53},
    doi = "10.1103/PhysRevLett.89.281801",
    journal = "Phys. Rev. Lett.",
    volume = "89",
    pages = "281801",
    year = "2002"
}


@article{CDF:2010muc,
    author = "Aaltonen, T. and others",
    collaboration = "CDF",
    title = "Search for {Randall--Sundrum} Gravitons in the Diphoton Channel at {CDF}",
    eprint = "1012.2795",
    archivePrefix = "arXiv",
    primaryClass = "hep-ex",
    reportNumber = "FERMILAB-PUB-10-498-E",
    doi = "10.1103/PhysRevD.83.011102",
    journal = "Phys. Rev. D",
    volume = "83",
    pages = "011102",
    year = "2011"
}

@article{CDF:2011weq,
    author = "Aaltonen, T. and others",
    collaboration = "CDF",
    title = "Search for New Dielectron Resonances and {Randall--Sundrum} Gravitons at the {Collider Detector at Fermilab}",
    eprint = "1103.4650",
    archivePrefix = "arXiv",
    primaryClass = "hep-ex",
    reportNumber = "FERMILAB-PUB-11-178-E",
    doi = "10.1103/PhysRevLett.107.051801",
    journal = "Phys. Rev. Lett.",
    volume = "107",
    pages = "051801",
    year = "2011"
}

@article{NNPDF:2014otw,
    author = "Ball, Richard D. and others",
    collaboration = "NNPDF",
    title = "Parton distributions for the {LHC Run II}",
    eprint = "1410.8849",
    archivePrefix = "arXiv",
    primaryClass = "hep-ph",
    reportNumber = "EDINBURGH-2014-15, IFUM-1034-FT, CERN-PH-TH-2013-253, OUTP-14-11P, CAVENDISH-HEP-14-11",
    doi = "10.1007/JHEP04(2015)040",
    journal = "JHEP",
    volume = "04",
    pages = "040",
    year = "2015",
}




@article{3LittleStringTheoryAtATeV,
      author         = "I. Antoniadis, S. Dimopoulos, and A. Giveon",
      title          = "{Little string theory at a tev}",
      journal        = "Journal of High Energy Physics",
      doi            = "10.1007/JHEP02(2017)036",
      year           = "2001",
}

@article{4LittleStringTheoryAtATeV,
      author         = "I. Antoniadis, A. Arvanitaki, S. Dimopoulos, and A. Giveon",
      title          = "{Phenomenology of tev little string theory from holography}",
      journal        = "Phys. Rev. Lett.",
      volume         = "108",
      doi            = "10.1103/PhysRevLett.108.081602",
      year           = "2012",
}

@article{5LittleStringTheoryAtATeV,
      author         = "M. Baryakhtar",
      title          = "{Graviton phenomenology of linear dilaton geometries}",
      journal        = "Phys. Rev. D",
      volume         = "85",
      pages          = "125019",
      doi            = "10.1103/PhysRevD.85.125019",
      year           = "2012",
      eprint         = "1202.6674",
      archivePrefix  = "arXiv",
      primaryClass   = "hep-ph",    
}


@article{Giudiceetal,
      author         = " G. F. Giudice and Y. Kats and M. McCullough and R. Torre and A. Urbano",
      title          = "Clockwork / linear dilaton: structure and phenomenology",
      journal        = "JHEP",
      volume         = "06",
      pages          = "009",
      year           = "2018",
      doi            = "10.1007/JHEP06(2018)009",
      eprint         = "1711.08437",
      archivePrefix  = "arXiv",
      primaryClass   = "hep-ph",    
}

@article{Evans:2008zzb,
    editor = "Evans, Lyndon and Bryant, Philip",
    title = "{LHC Machine}",
    doi = "10.1088/1748-0221/3/08/S08001",
    journal = "JINST",
    volume = "3",
    pages = "S08001",
    year = "2008"
}


@book{Peskin:1995ev,
	author = "{Peskin, Michael E. and Schroeder, Daniel V.}",
	title = "{An Introduction to quantum field theory}",
	isbn = "{978-0-201-50397-5}",
	publisher = "{Addison-Wesley}",
	address = "{Reading, USA}",
	year = "{1995}"
}
@book{Halzen:1984mc,
	author = "Halzen, F. and Martin, Alan D.",
	title = "{QUARKS AND LEPTONS: AN INTRODUCTORY COURSE IN MODERN PARTICLE PHYSICS}",
	isbn = "978-0-471-88741-6",
	year = "1984"
}

@article{CMS:2023gfb,
    author = "Hayrapetyan, Aram and others",
    collaboration = "CMS",
    title = "{Development of the CMS detector for the CERN LHC Run 3}",
    eprint = "2309.05466",
    archivePrefix = "arXiv",
    primaryClass = "physics.ins-det",
    reportNumber = "CMS-PRF-21-001, CERN-EP-2023-136",
    month = "9",
    year = "2023"
}

@article{CMS:2018mgb,
    author = "Sirunyan, Albert M and others",
    collaboration = "CMS",
    title = "{Search for narrow and broad dijet resonances in proton-proton collisions at $ \sqrt{s}=13 $ TeV and constraints on dark matter mediators and other new particles}",
    eprint = "1806.00843",
    archivePrefix = "arXiv",
    primaryClass = "hep-ex",
    reportNumber = "CMS-EXO-16-056, CERN-EP-2018-123",
    doi = "10.1007/JHEP08(2018)130",
    journal = "JHEP",
    volume = "08",
    pages = "130",
    year = "2018"
}

@article{Giudice:2003tu,
    author = "Giudice, Gian Francesco and Strumia, Alessandro",
    title = "{Constraints on extra-dimensional theories from virtual-graviton exchange}",
    eprint = "hep-ph/0301232",
    archivePrefix = "arXiv",
    reportNumber = "IFUP-TH-2003-4, CERN-TH-2003-013",
    doi = "10.1016/S0550-3213(03)00404-8",
    journal = "Nucl. Phys. B",
    volume = "663",
    pages = "377",
    year = "2003"
}

@article{Giudice:2004mg,
    author = "Giudice, Gian F. and Plehn, Tilman and Strumia, Alessandro",
    title = "{Graviton collider effects in one and more large extra dimensions}",
    eprint = "hep-ph/0408320",
    archivePrefix = "arXiv",
    reportNumber = "IFUP-TH-2004-18, CERN-TH-2004-160",
    doi = "10.1016/j.nuclphysb.2004.10.056",
    journal = "Nucl. Phys. B",
    volume = "706",
    pages = "455",
    year = "2005"
}




@phdthesis{Andrews:2022nza,
	author = "Andrews, Michael",
	title = "{Search for exotic Higgs boson decays to merged photons employing a novel deep learning technique at CMS}",
	doi = "10.1184/R1/18412073.v1",
	school = "Carnegie Mellon U.",
	year = "2022"
}
@article{Georgi_2007unpar,
  	author     	= "Howard Georgi",
  	title      	= "Unparticle Physics",
  	journal    	= "Phys. Rev. Lett",
  	volume     	= "98",
  	doi        	= "10.1103/physrevlett.98.221601",
  	year       	= "2007",
  	archivePrefix  = "arXiv",
  	eprint     	= "hep-ph/0709.2478",
  	primaryClass   = "hep-ph",
}
@book{Aitchison:2004cs,
	author = "Aitchison, Ian J. R. and Hey, Anthony J. G.",
	title = "{Gauge Theories in Particle Physics: A Practical Introduction, Volume 2: Non-Abelian Gauge Theories : QCD and The Electroweak Theory, Fourth Edition}",
	doi = "10.1201/9781466513105",
	isbn = "978-1-4665-1310-5, 978-1-4665-1307-5, 978-0-429-18539-7",
	publisher = "Taylor \& Francis",
	year = "2013"
}
@article{Kobayashi:1973fv,
	author = "Kobayashi, Makoto and Maskawa, Toshihide",
	title = "{CP Violation in the Renormalizable Theory of Weak Interaction}",
	reportNumber = "KUNS-242",
	doi = "10.1143/PTP.49.652",
	journal = "Prog. Theor. Phys.",
	volume = "49",
	pages = "652--657",
	year = "1973"
}
@article{Maki:1962mu,
	author = "Maki, Ziro and Nakagawa, Masami and Sakata, Shoichi",
	title = "{Remarks on the unified model of elementary particles}",
	doi = "10.1143/PTP.28.870",
	journal = "Prog. Theor. Phys.",
	volume = "28",
	pages = "870--880",
	year = "1962"
}


@article{Wells:2016luz,
	author = "Wells, James D.",
	title = "{Higgs naturalness and the scalar boson proliferation instability problem}",
	eprint = "1603.06131",
	archivePrefix = "arXiv",
	primaryClass = "hep-ph",
	doi = "10.1007/s11229-014-0618-8",
	journal = "Synthese",
	volume = "194",
	number = "2",
	pages = "477--490",
	year = "2017"
}
@article{Higgs:1964pj,
	author = "Higgs, Peter W.",
	editor = "Taylor, J. C.",
	title = "{Broken Symmetries and the Masses of Gauge Bosons}",
	doi = "10.1103/PhysRevLett.13.508",
	journal = "Phys. Rev. Lett.",
	volume = "13",
	pages = "508--509",
	year = "1964"
}
@article{Englert:1964et,
	author = "Englert, F. and Brout, R.",
	editor = "Taylor, J. C.",
	title = "{Broken Symmetry and the Mass of Gauge Vector Mesons}",
	doi = "10.1103/PhysRevLett.13.321",
	journal = "Phys. Rev. Lett.",
	volume = "13",
	pages = "321--323",
	year = "1964"
}

@article{Gleisberg:2008ta,
      author         = "Gleisberg, T. and Hoeche, Stefan. and Krauss, F. and
                        Schonherr, M. and Schumann, S. and Siegert, F. and Winter,
                        J.",
      title          = "{Event generation with SHERPA 1.1}",
      journal        = "JHEP",
      volume         = "02",
      year           = "2009",
      pages          = "007",
      doi            = "10.1088/1126-6708/2009/02/007",
      eprint         = "0811.4622",
      archivePrefix  = "arXiv",
      primaryClass   = "hep-ph",
      reportNumber   = "FERMILAB-PUB-08-477-T, SLAC-PUB-13420, ZU-TH-17-08,
                        DCPT-08-138, IPPP-08-69, EDINBURGH-2008-30, MCNET-08-14",
      SLACcitation   = "%%CITATION = ARXIV:0811.4622;%%"
}

@article{Gross:1973ju,
	author = "Gross, D. J. and Wilczek, Frank",
	title = "{Asymptotically Free Gauge Theories - I}",
	reportNumber = "NAL-PUB-73-49-THY, FERMILAB-PUB-73-049-T",
	doi = "10.1103/PhysRevD.8.3633",
	journal = "Phys. Rev. D",
	volume = "8",
	pages = "3633--3652",
	year = "1973"
}

@article{Guralnik:1964eu,
	author = "Guralnik, G. S. and Hagen, C. R. and Kibble, T. W. B.",
	editor = "Taylor, J. C.",
	title = "{Global Conservation Laws and Massless Particles}",
	doi = "10.1103/PhysRevLett.13.585",
	journal = "Phys. Rev. Lett.",
	volume = "13",
	pages = "585--587",
	year = "1964"
}
@misc{Nguyen:HiggsMechanism,
	author = "Kien Nguyen",
	title = "The Higgs Mechanism",
	url = "https://www.theorie.physik.uni-muenchen.de/lsfrey/teaching/archiv/sose_09/rng/higgs_mechanism.pdf"
}
@article{Martin:1997ns,
	author = "Martin, Stephen P.",
	editor = "Kane, Gordon L.",
	title = "{A Supersymmetry primer}",
	eprint = "hep-ph/9709356",
	archivePrefix = "arXiv",
	reportNumber = "FERMILAB-PUB-97-425-T",
	doi = "10.1142/9789812839657_0001",
	journal = "Adv. Ser. Direct. High Energy Phys.",
	volume = "18",
	pages = "1--98",
	year = "1998"
}
@article{Arkani-Hamed:1998jmv,
	author = "Arkani-Hamed, Nima and Dimopoulos, Savas and Dvali, G. R.",
	title = "{The Hierarchy problem and new dimensions at a millimeter}",
	eprint = "hep-ph/9803315",
	archivePrefix = "arXiv",
	reportNumber = "SLAC-PUB-7769, SU-ITP-98-13",
	doi = "10.1016/S0370-2693(98)00466-3",
	journal = "Phys. Lett. B",
	volume = "429",
	pages = "263--272",
	year = "1998"
}
@article{Wells:2016luz,
	author = "Wells, James D.",
	title = "{Higgs naturalness and the scalar boson proliferation instability problem}",
	eprint = "1603.06131",
	archivePrefix = "arXiv",
	primaryClass = "hep-ph",
	doi = "10.1007/s11229-014-0618-8",
	journal = "Synthese",
	volume = "194",
	number = "2",
	pages = "477--490",
	year = "2017"
}
@article{Kaluza:1921tu,
	author = "Kaluza, Th.",
	title = {{Zum Unit\"atsproblem der Physik}},
	eprint = "1803.08616",
	archivePrefix = "arXiv",
	primaryClass = "physics.hist-ph",
	reportNumber = "HUPD-8401",
	doi = "10.1142/S0218271818700017",
	journal = "Sitzungsber. Preuss. Akad. Wiss. Berlin (Math. Phys. )",
	volume = "1921",
	pages = "966--972",
	year = "1921"
}
@article{Klein:1926fj,
	author = "Klein, O.",
	title = "{The Atomicity of Electricity as a Quantum Theory Law}",
	doi = "10.1038/118516a0",
	journal = "Nature",
	volume = "118",
	pages = "516",
	year = "1926"
}
@article{Klein:1926tv,
	author = "Klein, Oskar",
	editor = "Taylor, J. C.",
	title = "{Quantum Theory and Five-Dimensional Theory of Relativity. (In German and English)}",
	doi = "10.1007/BF01397481",
	journal = "Z. Phys.",
	volume = "37",
	pages = "895--906",
	year = "1926"
}

@article{Arkani-Hamed:1998sfv,
	author = "Arkani-Hamed, Nima and Dimopoulos, Savas and Dvali, G. R.",
	title = "{Phenomenology, astrophysics and cosmology of theories with submillimeter dimensions and TeV scale quantum gravity}",
	eprint = "hep-ph/9807344",
	archivePrefix = "arXiv",
	reportNumber = "SLAC-PUB-7864, SU-ITP-98-142, IC-98-44",
	doi = "10.1103/PhysRevD.59.086004",
	journal = "Phys. Rev. D",
	volume = "59",
	pages = "086004",
	year = "1999"
}
@article{Randall:1999ee,
	author = "Randall, Lisa and Sundrum, Raman",
	title = "{A Large mass hierarchy from a small extra dimension}",
	eprint = "hep-ph/9905221",
	archivePrefix = "arXiv",
	reportNumber = "MIT-CTP-2860, PUPT-1860, BUHEP-99-9",
	doi = "10.1103/PhysRevLett.83.3370",
	journal = "Phys. Rev. Lett.",
	volume = "83",
	pages = "3370--3373",
	year = "1999"
}
@article{Randall:1999vf,
	author = "Randall, Lisa and Sundrum, Raman",
	title = "{An Alternative to compactification}",
	eprint = "hep-th/9906064",
	archivePrefix = "arXiv",
	reportNumber = "MIT-CTP-2874, PUPT-1867, BUHEP-99-13",
	doi = "10.1103/PhysRevLett.83.4690",
	journal = "Phys. Rev. Lett.",
	volume = "83",
	pages = "4690--4693",
	year = "1999"
}
@article{ParticleDataGroup:2020ssz,
	author = "Zyla, P. A. and others",
	collaboration = "Particle Data Group",
	title = "{Review of Particle Physics}",
	doi = "10.1093/ptep/ptaa104",
	journal = "PTEP",
	volume = "2020",
	number = "8",
	pages = "083C01",
	year = "2020"
}
@article{Hewett:2002hv,
	author = "Hewett, JoAnne L. and Spiropulu, Maria",
	title = "{Particle physics probes of extra space-time dimensions}",
	eprint = "hep-ph/0205106",
	archivePrefix = "arXiv",
	reportNumber = "SLAC-PUB-9194, EFI-02-70",
	doi = "10.1146/annurev.nucl.52.050102.090706",
	journal = "Ann. Rev. Nucl. Part. Sci.",
	volume = "52",
	pages = "397--424",
	year = "2002"
}
@article{Han:1998sg,
	author = "Han, Tao and Lykken, Joseph D. and Zhang, Ren-Jie",
	title = "{On Kaluza-Klein states from large extra dimensions}",
	eprint = "hep-ph/9811350",
	archivePrefix = "arXiv",
	reportNumber = "MADPH-98-1092, FERMILAB-PUB-98-364",
	doi = "10.1103/PhysRevD.59.105006",
	journal = "Phys. Rev. D",
	volume = "59",
	pages = "105006",
	year = "1999"
}
@article{ATLAS:2023hbp,
	author = "Aad, Georges and others",
	collaboration = "ATLAS",
	title = "{Search for periodic signals in the dielectron and diphoton invariant mass spectra using 139 fb$^{-1}$ of $pp$ collisions at $\sqrt{s} =$ 13 TeV with the ATLAS detector}",
	eprint = "2305.10894",
	archivePrefix = "arXiv",
	primaryClass = "hep-ex",
	reportNumber = "CERN-EP-2023-073",
	month = "5",
	year = "2023"
}
@article{ATLAS:2023vat,
	author = "Aad, Georges and others",
	collaboration = "ATLAS",
	title = "{Search for quantum black hole production in lepton+jet final states using proton-proton collisions at $\sqrt{s}$ = 13 TeV with the ATLAS detector}",
	eprint = "2307.14967",
	archivePrefix = "arXiv",
	primaryClass = "hep-ex",
	reportNumber = "CERN-EP-2023-117",
	month = "7",
	year = "2023"
}
@article{Giudice:1998ck,
	author = "Giudice, Gian F. and Rattazzi, Riccardo and Wells, James D.",
	title = "{Quantum gravity and extra dimensions at high-energy colliders}",
	eprint = "hep-ph/9811291",
	archivePrefix = "arXiv",
	reportNumber = "CERN-TH-98-354",
	doi = "10.1016/S0550-3213(99)00044-9",
	journal = "Nucl. Phys. B",
	volume = "544",
	pages = "3--38",
	year = "1999"
}
@article{Hewett:1998sn,
	author = "Hewett, JoAnne L.",
	title = "{Indirect collider signals for extra dimensions}",
	eprint = "hep-ph/9811356",
	archivePrefix = "arXiv",
	reportNumber = "SLAC-PUB-8001",
	doi = "10.1103/PhysRevLett.82.4765",
	journal = "Phys. Rev. Lett.",
	volume = "82",
	pages = "4765--4768",
	year = "1999"
}



@article{Giudice:2016yja,
	author = "Giudice, Gian F. and McCullough, Matthew",
	title = "{A Clockwork Theory}",
	eprint = "1610.07962",
	archivePrefix = "arXiv",
	primaryClass = "hep-ph",
	reportNumber = "CERN-TH-2016-223",
	doi = "10.1007/JHEP02(2017)036",
	journal = "JHEP",
	volume = "02",
	pages = "036",
	year = "2017"
}

@article{Giudice:2017fmj,
	author = "Giudice, Gian F. and Kats, Yevgeny and McCullough, Matthew and Torre, Riccardo and Urbano, Alfredo",
	title = "{Clockwork/linear dilaton: structure and phenomenology}",
	eprint = "1711.08437",
	archivePrefix = "arXiv",
	primaryClass = "hep-ph",
	reportNumber = "CERN-TH-2017-219",
	doi = "10.1007/JHEP06(2018)009",
	journal = "JHEP",
	volume = "06",
	pages = "009",
	year = "2018"
}

@article{Antoniadis:2011qw,
	author = "Antoniadis, Ignatios and Arvanitaki, Asimina and Dimopoulos, Savas and Giveon, Amit",
	title = "{Phenomenology of TeV Little String Theory from Holography}",
	eprint = "1102.4043",
	archivePrefix = "arXiv",
	primaryClass = "hep-ph",
	reportNumber = "CERN-PH-TH-2011-024",
	doi = "10.1103/PhysRevLett.108.081602",
	journal = "Phys. Rev. Lett.",
	volume = "108",
	pages = "081602",
	year = "2012"
}

@article{Aliev:2017bme,
	author = "Aliev, T. M. and Bilmis, Selcuk and Solmaz, Melih and Turan, Ismail",
	title = "{Scalar Unparticle Signals at the LHC}",
	eprint = "1701.00498",
	archivePrefix = "arXiv",
	primaryClass = "hep-ph",
	doi = "10.1103/PhysRevD.95.095005",
	journal = "Phys. Rev. D",
	volume = "95",
	number = "9",
	pages = "095005",
	year = "2017"
}

@article{Antoniadis:2001sw,
	author = "Antoniadis, Ignatios and Dimopoulos, Savas and Giveon, Amit",
	title = "{Little string theory at a TeV}",
	eprint = "hep-th/0103033",
	archivePrefix = "arXiv",
	reportNumber = "CERN-TH-2001-066, RI-07-00, ITP-01-04",
	doi = "10.1088/1126-6708/2001/05/055",
	journal = "JHEP",
	volume = "05",
	pages = "055",
	year = "2001"
}

@article{Ask:2009pv,
	author = "Ask, S. and Akin, I. V. and Benucci, L. and De Roeck, A. and Goebel, M. and Haller, J.",
	title = "{Real Emission and Virtual Exchange of Gravitons and Unparticles in Pythia8}",
	eprint = "0912.4233",
	archivePrefix = "arXiv",
	primaryClass = "hep-ph",
	reportNumber = "MAN-HEP-2009-20, MCNET-09-20, DESY-09-214",
	doi = "10.1016/j.cpc.2010.05.013",
	journal = "Comput. Phys. Commun.",
	volume = "181",
	pages = "1593--1604",
	year = "2010"
}

@article{Georgi:2007si,
	author = "Georgi, Howard",
	title = "{Another odd thing about unparticle physics}",
	eprint = "0704.2457",
	archivePrefix = "arXiv",
	primaryClass = "hep-ph",
	doi = "10.1016/j.physletb.2007.05.037",
	journal = "Phys. Lett. B",
	volume = "650",
	pages = "275--278",
	year = "2007"
}

@article{Georgi:2007o,
	author = "Georgi, Howard",
	title = "{Unparticle Physics}",
	eprint = "0703.3260",
	archivePrefix = "arXiv",
	primaryClass = "hep-ph",
	doi = "10.1103/PhysRevLett.98.221601",
	journal = "Phys. Lett. B",
}

@article{2Clockwork,
  	author     	= "G. F. Giudice and M. McCullough",
  	title      	= "{A clockwork theory}",
  	journal    	= "Journal of High Energy Physics",
  	doi        	= "10.1007/JHEP02(2017)036",
  	year       	= "2017",
}

@article{3LittleStringTheoryAtATeV,
  	author     	= "I. Antoniadis, S. Dimopoulos, and A. Giveon",
  	title      	= "{Little string theory at a tev}",
  	journal    	= "Journal of High Energy Physics",
  	doi        	= "10.1007/JHEP02(2017)036",
  	year       	= "2001",
}

@article{4LittleStringTheoryAtATeV,
  	author     	= "I. Antoniadis, A. Arvanitaki, S. Dimopoulos, and A. Giveon",
  	title      	= "{Phenomenology of tev little string theory from holography}",
  	journal    	= "Phys. Rev. Lett.",
  	volume     	= "108",
  	doi        	= "doi:10.1103/PhysRevLett.108.081602",
  	year       	= "2012",
}

@article{5LittleStringTheoryAtATeV,
  	author     	= "M. Baryakhtar",
  	title      	= "{Graviton phenomenology of linear dilaton geometries}",
  	journal    	= "Phys. Rev. D",
  	volume     	= "85",
  	doi        	= "doi:10.1103/PhysRevD.85.125019",
  	year       	= "2012",
}


@article{8GiudiceWIP,
  	author     	= " G. F. Giudice et al",
  	title      	= "{Work in progress}",
  	journal    	= "Work in Progress",
  	doi        	= "doi:10.1103/PhysRevD.85.125019",
}


@article{Dienes:1998vh,
	author = "Dienes, Keith R. and Dudas, Emilian and Gherghetta, Tony",
	title = "{Extra space-time dimensions and unification}",
	eprint = "hep-ph/9803466",
	archivePrefix = "arXiv",
	reportNumber = "CERN-TH-98-065",
	doi = "10.1016/S0370-2693(98)00977-0",
	journal = "Phys. Lett. B",
	volume = "436",
	pages = "55--65",
	year = "1998"
}


@article{Dienes:1998vg,
	author = "Dienes, Keith R. and Dudas, Emilian and Gherghetta, Tony",
	title = "{Grand unification at intermediate mass scales through extra dimensions}",
	eprint = "hep-ph/9806292",
	archivePrefix = "arXiv",
	reportNumber = "CERN-TH-98-100",
	doi = "10.1016/S0550-3213(98)00669-5",
	journal = "Nucl. Phys. B",
	volume = "537",
	pages = "47--108",
	year = "1999"
}



@article{Folgado:2020utn,
	author = "Folgado, Miguel G. and Sanz, Veronica",
	title = "{On the Interpretation of Nonresonant Phenomena at Colliders}",
	eprint = "2005.06492",
	archivePrefix = "arXiv",
	primaryClass = "hep-ph",
	doi = "10.1155/2021/2573471",
	journal = "Adv. High Energy Phys.",
	volume = "2021",
	pages = "2573471",
	year = "2021"
}

@inproceedings{Rattazzi:2003ea,
	author = "Rattazzi, R.",
	title = "{Cargese lectures on extra-dimensions}",
	booktitle = "{Cargese School of Particle Physics and Cosmology: the Interface}",
	eprint = "hep-ph/0607055",
	archivePrefix = "arXiv",
	reportNumber = "CERN-PH-TH-2006-029",
	pages = "461--517",
	month = "8",
	year = "2003"
}

@inproceedings{Kribs:2006mq,
	author = "Kribs, Graham D.",
	title = "{TASI 2004 lectures on the phenomenology of extra dimensions}",
	booktitle = "{Theoretical Advanced Study Institute in Elementary Particle Physics}: {Physics in D $\geqq$ 4}",
	eprint = "hep-ph/0605325",
	archivePrefix = "arXiv",
	pages = "633--699",
	month = "5",
	year = "2006"
}


@article{Perez-Lorenzana:2005fzz,
	author = "Perez-Lorenzana, Abdel",
	editor = "Bashir, Adnan and Erler, Jens and Hernandez, Raul and Mondragon, Myriam and Villasenor, Luis",
	title = "{An Introduction to extra dimensions}",
	eprint = "hep-ph/0503177",
	archivePrefix = "arXiv",
	doi = "10.1088/1742-6596/18/1/006",
	journal = "J. Phys. Conf. Ser.",
	volume = "18",
	pages = "224--269",
	year = "2005"
}


@article{Kikuchi:2007qd,
	author = "Kikuchi, Tatsuru and Okada, Nobuchika",
	title = "{Unparticle physics and Higgs phenomenology}",
	eprint = "0707.0893",
	archivePrefix = "arXiv",
	primaryClass = "hep-ph",
	reportNumber = "KEK-TH-1164",
	doi = "10.1016/j.physletb.2008.02.041",
	journal = "Phys. Lett. B",
	volume = "661",
	pages = "360--364",
	year = "2008"
}

@article{Chen:2007vv,
	author = "Chen, Chuan-Hung and Geng, Chao-Qiang",
	title = "{Unparticle physics on direct CP violation}",
	eprint = "0705.0689",
	archivePrefix = "arXiv",
	primaryClass = "hep-ph",
	doi = "10.1103/PhysRevD.76.115003",
	journal = "Phys. Rev. D",
	volume = "76",
	pages = "115003",
	year = "2007"
}

@article{Freitas:2007ip,
	author = "Freitas, A. and Wyler, D.",
	title = "{Astro Unparticle Physics}",
	eprint = "0708.4339",
	archivePrefix = "arXiv",
	primaryClass = "hep-ph",
	reportNumber = "ZU-TH-20-07",
	doi = "10.1088/1126-6708/2007/12/033",
	journal = "JHEP",
	volume = "12",
	pages = "033",
	year = "2007"
}

@article{Zwicky:2007vv,
	author = "Zwicky, Roman",
	title = "{Unparticles at heavy flavour scales: CP violating phenomena}",
	eprint = "0707.0677",
	archivePrefix = "arXiv",
	primaryClass = "hep-ph",
	reportNumber = "DCPT-07-58, IPPP-07-29",
	doi = "10.1103/PhysRevD.77.036004",
	journal = "Phys. Rev. D",
	volume = "77",
	pages = "036004",
	year = "2008"
}

@article{Buchmuller:1985jz,
	author = "Buchmuller, W. and Wyler, D.",
	title = "{Effective Lagrangian Analysis of New Interactions and Flavor Conservation}",
	reportNumber = "CERN-TH-4254/85",
	doi = "10.1016/0550-3213(86)90262-2",
	journal = "Nucl. Phys. B",
	volume = "268",
	pages = "621--653",
	year = "1986"
}

@article{Georgi:1993mps,
	author = "Georgi, H.",
	title = "{Effective field theory}",
	doi = "10.1146/annurev.ns.43.120193.001233",
	journal = "Ann. Rev. Nucl. Part. Sci.",
	volume = "43",
	pages = "209--252",
	year = "1993"
}

@article{Cheung:2007ap,
	author = "Cheung, Kingman and Keung, Wai-Yee and Yuan, Tzu-Chiang",
	title = "{Collider Phenomenology of Unparticle Physics}",
	eprint = "0706.3155",
	archivePrefix = "arXiv",
	primaryClass = "hep-ph",
	doi = "10.1103/PhysRevD.76.055003",
	journal = "Phys. Rev. D",
	volume = "76",
	pages = "055003",
	year = "2007"
}

@article{Cheung:2007zza,
	author = "Cheung, Kingman and Keung, Wai-Yee and Yuan, Tzu-Chiang",
	title = "{Collider signals of unparticle physics}",
	eprint = "0704.2588",
	archivePrefix = "arXiv",
	primaryClass = "hep-ph",
	doi = "10.1103/PhysRevLett.99.051803",
	journal = "Phys. Rev. Lett.",
	volume = "99",
	pages = "051803",
	year = "2007"
}

@thesis{Kenzie:2022nza,
	author = "Kenzie, Matthew",
	title = "{A Review of Unparticle Physics}",
	school = "Imperial College, London",
	year = "2010",
	url = "http://web.me.com/matthew.kenzie/unparticles"
}

@article{Kumar:2007af,
	author = "Kumar, M. C. and Mathews, Prakash and Ravindran, V. and Tripathi, Anurag",
	title = "{Unparticle physics in diphoton production at the CERN LHC}",
	eprint = "0709.2478",
	archivePrefix = "arXiv",
	primaryClass = "hep-ph",
	reportNumber = "SINP, HRI-07",
	doi = "10.1103/PhysRevD.77.055013",
	journal = "Phys. Rev. D",
	volume = "77",
	pages = "055013",
	year = "2008"
}

@article{Ask:2009pv,
	author = "Ask, S. and Akin, I. V. and Benucci, L. and De Roeck, A. and Goebel, M. and Haller, J.",
	title = "{Real Emission and Virtual Exchange of Gravitons and Unparticles in Pythia8}",
	eprint = "0912.4233",
	archivePrefix = "arXiv",
	primaryClass = "hep-ph",
	reportNumber = "MAN-HEP-2009-20, MCNET-09-20, DESY-09-214",
	doi = "10.1016/j.cpc.2010.05.013",
	journal = "Comput. Phys. Commun.",
	volume = "181",
	pages = "1593--1604",
	year = "2010"
}

@article{Kumar:2008dn,
	author = "Kumar, M. C. and Mathews, Prakash and Ravindran, V. and Tripathi, Anurag",
	title = "{Unparticles in diphoton production to NLO in QCD at the LHC}",
	eprint = "0804.4054",
	archivePrefix = "arXiv",
	primaryClass = "hep-ph",
	reportNumber = "SINP-TNP-2008-06",
	doi = "10.1103/PhysRevD.79.075012",
	journal = "Phys. Rev. D",
	volume = "79",
	pages = "075012",
	year = "2009"
}



@article{CMS:2020ulv,
	author = "Sirunyan, Albert M and others",
	collaboration = "CMS",
	title = "{Search for dark matter produced in association with a leptonically decaying Z boson in proton-proton collisions at $\sqrt{s} =$ 13 TeV}",
	eprint = "2008.04735",
	archivePrefix = "arXiv",
	primaryClass = "hep-ex",
	reportNumber = "CMS-EXO-19-003, CERN-EP-2020-136",
	doi = "10.1140/epjc/s10052-020-08739-5",
	journal = "Eur. Phys. J. C",
	volume = "81",
	number = "1",
	pages = "13",
	year = "2021",
	note = "[Erratum: Eur.Phys.J.C 81, 333 (2021)]"
}

@article{CMS:2017ret,
	author = "Sirunyan, Albert M and others",
	collaboration = "CMS",
	title = "{Search for dark matter and unparticles in events with a Z boson and missing transverse momentum in proton-proton collisions at $ \sqrt{s}=13 $ TeV}",
	eprint = "1701.02042",
	archivePrefix = "arXiv",
	primaryClass = "hep-ex",
	reportNumber = "CMS-EXO-16-010, CERN-EP-2016-309",
	doi = "10.1007/JHEP03(2017)061",
	journal = "JHEP",
	volume = "03",
	pages = "061",
	year = "2017",
	note = "[Erratum: JHEP 09, 106 (2017)]"
}

@article{CMS:2015rjz,
	author = "Khachatryan, Vardan and others",
	collaboration = "CMS",
	title = "{Search for dark matter and unparticles produced in association with a Z boson in proton-proton collisions at $\sqrt s=$ 8  TeV}",
	eprint = "1511.09375",
	archivePrefix = "arXiv",
	primaryClass = "hep-ex",
	reportNumber = "CMS-EXO-12-054, CERN-PH-EP-2015-297",
	doi = "10.1103/PhysRevD.93.052011",
	journal = "Phys. Rev. D",
	volume = "93",
	number = "5",
	pages = "052011",
	year = "2016",
	note = "[Erratum: Phys.Rev.D 97, 099903 (2018)]"
}


@article{ATLAS:2023hbp,
	author = "Aad, Georges and others",
	collaboration = "ATLAS",
	title = "{Search for periodic signals in the dielectron and diphoton invariant mass spectra using 139 fb$^{-1}$ of $pp$ collisions at $\sqrt{s} =$ 13 TeV with the ATLAS detector}",
	eprint = "2305.10894",
	archivePrefix = "arXiv",
	primaryClass = "hep-ex",
	reportNumber = "CERN-EP-2023-073",
	month = "5",
	year = "2023"
}



@article{CMS:2022nty,
	author = "Tumasyan, Armen and others",
	collaboration = "CMS",
	title = "{Inclusive nonresonant multilepton probes of new phenomena at $\sqrt s$=13\,\,TeV}",
	eprint = "2202.08676",
	archivePrefix = "arXiv",
	primaryClass = "hep-ex",
	reportNumber = "CMS-EXO-21-002, CERN-EP-2022-008",
	doi = "10.1103/PhysRevD.105.112007",
	journal = "Phys. Rev. D",
	volume = "105",
	number = "11",
	pages = "112007",
	year = "2022"
}

@article{CMS:2021ctt,
	author = "Sirunyan, Albert M and others",
	collaboration = "CMS",
	title = "{Search for resonant and nonresonant new phenomena in high-mass dilepton final states at $ \sqrt{s} $ = 13 TeV}",
	eprint = "2103.02708",
	archivePrefix = "arXiv",
	primaryClass = "hep-ex",
	reportNumber = "CMS-EXO-19-019, CERN-EP-2021-026",
	doi = "10.1007/JHEP07(2021)208",
	journal = "JHEP",
	volume = "07",
	pages = "208",
	year = "2021"
}

@article{Nam:2018lvv,
	author = "Nam, Kyungwook",
	collaboration = "CMS",
	title = "{Searches for nonresonant new phenomena in final states with leptons and photons at the CMS Experiment}",
	reportNumber = "CMS-CR-2018-362",
	doi = "10.22323/1.340.0288",
	journal = "PoS",
	volume = "ICHEP2018",
	pages = "288",
	year = "2019"
}


@article{ATLAS:2023hbp,
	author = "Aad, Georges and others",
	collaboration = "ATLAS",
	title = "{Search for periodic signals in the dielectron and diphoton invariant mass spectra using 139 fb$^{-1}$ of $pp$ collisions at $\sqrt{s} =$ 13 TeV with the ATLAS detector}",
	eprint = "2305.10894",
	archivePrefix = "arXiv",
	primaryClass = "hep-ex",
	reportNumber = "CERN-EP-2023-073",
	month = "5",
	year = "2023"
}


@article{CMS:2018dqv,
	author = "Sirunyan, A. M. and others",
	collaboration = "CMS",
	title = "{Search for physics beyond the standard model in high-mass diphoton events from proton-proton collisions at $\sqrt{s} =$ 13 TeV}",
	eprint = "1809.00327",
	archivePrefix = "arXiv",
	primaryClass = "hep-ex",
	reportNumber = "CMS-EXO-17-017, CERN-EP-2018-219",
	doi = "10.1103/PhysRevD.98.092001",
	journal = "Phys. Rev. D",
	volume = "98",
	number = "9",
	pages = "092001",
	year = "2018"
}

@article{CMS:2021ctt,
	author = "Sirunyan, Albert M and others",
	collaboration = "CMS",
	title = "{Search for resonant and nonresonant new phenomena in high-mass dilepton final states at $ \sqrt{s} $ = 13 TeV}",
	eprint = "2103.02708",
	archivePrefix = "arXiv",
	primaryClass = "hep-ex",
	reportNumber = "CMS-EXO-19-019, CERN-EP-2021-026",
	doi = "10.1007/JHEP07(2021)208",
	journal = "JHEP",
	volume = "07",
	pages = "208",
	year = "2021"
}

@article{CMS:2021ctt,
	author = "Sirunyan, Albert M and others",
	collaboration = "CMS",
	title = "{Search for resonant and nonresonant new phenomena in high-mass dilepton final states at $ \sqrt{s} $ = 13 TeV}",
	eprint = "2103.02708",
	archivePrefix = "arXiv",
	primaryClass = "hep-ex",
	reportNumber = "CMS-EXO-19-019, CERN-EP-2021-026",
	doi = "10.1007/JHEP07(2021)208",
	journal = "JHEP",
	volume = "07",
	pages = "208",
	year = "2021"
}
 ======= END ===== THEORY

@article{Campbell:2016yrh,
  	author     	= "Campbell, John M. and Ellis, R. Keith and Li, Ye and
                    	Williams, Ciaran",
  	title      	= "Predictions for diphoton production at the {LHC} through
                    	{NNLO} in {QCD}",
  	journal    	= "JHEP",
  	volume     	= "07",
  	year       	= "2016",
  	pages      	= "148",
  	doi        	= "10.1007/JHEP07(2016)148",
  	eprint     	= "1603.02663",
  	archivePrefix  = "arXiv",
  	primaryClass   = "hep-ph",
  	reportNumber   = "IPPP-16-16, FERMILAB-PUB-16-074-T",
  	SLACcitation   = "%%CITATION = ARXIV:1603.02663;%%"
}

@article{Sirunyan:2018wnk,
  	author     	= "Sirunyan, A. M. and others",
  	title      	= "{Search for physics beyond the standard model in
                    	high-mass diphoton events from proton-proton collisions at
                    	$\sqrt{s} =$ 13 TeV}",
  	collaboration  = "CMS",
  	journal    	= "Phys. Rev. D",
  	volume     	= "98",
  	year       	= "2018",
  	number     	= "9",
  	pages      	= "092001",
  	doi        	= "10.1103/PhysRevD.98.092001",
  	eprint     	= "1809.00327",
  	archivePrefix  = "arXiv",
  	primaryClass   = "hep-ex",
  	reportNumber   = "CMS-EXO-17-017, CERN-EP-2018-219",
  	SLACcitation   = "%%CITATION = ARXIV:1809.00327;%%"
}

@article{Tanabashi:2018oca,
  	author     	= "Tanabashi, M. and others",
  	title      	= "{Review of Particle Physics}",
  	collaboration  = "Particle Data Group",
  	journal    	= "Phys. Rev. D",
  	volume     	= "98",
  	year       	= "2018",
  	number     	= "3",
  	pages      	= "030001",
  	doi        	= "10.1103/PhysRevD.98.030001",
  	SLACcitation   = "%%CITATION = PHRVA,D98,030001;%%"
}

@article{DelDebbio:2018siw,
    author = "Del Debbio, Luigi",
    editor = "Della Morte, M. and Fritzsch, P. and G\'amiz S\'anchez, E. and Pena Ruano, C.",
    title = "{Parton distributions in the LHC era}",
    doi = "10.1051/epjconf/201817501006",
    journal = "EPJ Web Conf.",
    volume = "175",
    pages = "01006",
    year = "2018"
}

@article{NNPDF:2021uiq,
    author = "Ball, Richard D. and others",
    collaboration = "NNPDF",
    title = "{An open-source machine learning framework for global analyses of parton distributions}",
    eprint = "2109.02671",
    archivePrefix = "arXiv",
    primaryClass = "hep-ph",
    reportNumber = "Edinburgh 2021/13, Nikhef-2021-020, TIF-UNIMI-2021-12",
    doi = "10.1140/epjc/s10052-021-09747-9",
    journal = "Eur. Phys. J. C",
    volume = "81",
    number = "10",
    pages = "958",
    year = "2021"
}




@article{Sirunyan:2019dfx,
  	author     	= "Sirunyan, Albert M and others",
  	title      	= "{Extraction and validation of a new set of CMS PYTHIA8
                    	tunes from underlying-event measurements}",
  	collaboration  = "CMS",
  	year       	= "2019",
  	eprint     	= "1903.12179",
  	archivePrefix  = "arXiv",
  	primaryClass   = "hep-ex",
  	reportNumber   = "CMS-GEN-17-001, CERN-EP-2019-007",
  	SLACcitation   = "%%CITATION = ARXIV:1903.12179;%%"
}

@article{DErrico:2011cgc,
    author = "D'Errico, Luca and Richardson, Peter",
    title = "{Next-to-Leading-Order Monte Carlo Simulation of Diphoton Production in Hadronic Collisions}",
    eprint = "1106.3939",
    archivePrefix = "arXiv",
    primaryClass = "hep-ph",
    reportNumber = "KA-TP-11-2011, SFB-CPP-11-30, MCNET-11-15, DCPT-11-68, IPPP-11-34",
    doi = "10.1007/JHEP02(2012)130",
    journal = "JHEP",
    volume = "02",
    pages = "130",
    year = "2012"
}

@techreport{CMS-PAS-EXO-12-045,
  	collaboration = "CMS",
  	title     	= "{Search for High-Mass Diphoton Resonances in pp Collisions
                   	at sqrt(s)=8 TeV with the CMS Detector}",
  	institution   = "CERN",
  	reportNumber  = "CMS-PAS-EXO-12-045",
  	address   	= "Geneva",
  	year      	= "2015",
  	url       	= "http://cds.cern.ch/record/2017806",
}



@TECHREPORT{AN2016_167,
 	AUTHOR   	= "{CMS} Diphoton working group",
 	TITLE    	= "Search for new physics in the diphoton spectrum at high mass at 13 TeV (2016 data)",
 	INSTITUTION   = "CERN",
 	TYPE     	= "{CMS} Note",
 	NUMBER   	= "2016/167",
 	URL      	= "http://cms.cern.ch/iCMS/user/noteinfo?cmsnoteid=CMS%20AN-2016/167",
 	YEAR     	= "2016",
}


@article{Frixione:1998jh,
    author = "Frixione, Stefano",
    title = "{Isolated photons in perturbative QCD}",
    eprint = "hep-ph/9801442",
    archivePrefix = "arXiv",
    reportNumber = "ETH-TH-97-40",
    doi = "10.1016/S0370-2693(98)00454-7",
    journal = "Phys. Lett. B",
    volume = "429",
    pages = "369--374",
    year = "1998"
}

@article{Badger:2013ava,
    author = "Badger, Simon and Guffanti, Alberto and Yundin, Valery",
    title = "{Next-to-leading order QCD corrections to di-photon production in association with up to three jets at the Large Hadron Collider}",
    eprint = "1312.5927",
    archivePrefix = "arXiv",
    primaryClass = "hep-ph",
    reportNumber = "MPP-2013-319, CERN-PH-TH-2013-318",
    doi = "10.1007/JHEP03(2014)122",
    journal = "JHEP",
    volume = "03",
    pages = "122",
    year = "2014"
}

@article{Ball:2014uwa,
  	author     	= "Ball, Richard D. and others",
  	title      	= "{Parton distributions for the LHC Run II}",
  	collaboration  = "NNPDF",
  	journal    	= "JHEP",
  	volume     	= "04",
  	year       	= "2015",
  	pages      	= "040",
  	doi        	= "10.1007/JHEP04(2015)040",
  	eprint     	= "1410.8849",
  	archivePrefix  = "arXiv",
  	primaryClass   = "hep-ph",
  	reportNumber   = "EDINBURGH-2014-15, IFUM-1034-FT, CERN-PH-TH-2013-253,
                    	OUTP-14-11P, CAVENDISH-HEP-14-11",
  	SLACcitation   = "%%CITATION = ARXIV:1410.8849;%%"
}

@article{Hoeche:2009xc,
  	author     	= "Hoeche, Stefan and Schumann, Steffen and Siegert, Frank",
  	title      	= "Hard photon production and matrix-element parton-shower
                    	merging",
  	journal    	= "Phys. Rev. D",
  	volume     	= "81",
  	year       	= "2010",
  	pages      	= "034026",
  	doi        	= "10.1103/PhysRevD.81.034026",
  	eprint     	= "0912.3501",
  	archivePrefix  = "arXiv",
  	primaryClass   = "hep-ph",
  	reportNumber   = "ZU-TH-19-09, IPPP-09-94, DCPT-09-188, HD-THEP-09-28,
                    	MCNET-09-18",
  	SLACcitation   = "%%CITATION = ARXIV:0912.3501;%%"
}

@Article{Sjostrand:2008za,
  	author     	= "Sj{\"o}strand, Torbj{\"o}rn and Mrenna, Stephen and Skands, Peter",
  	title      	= "An Introduction to {PYTHIA} 8.1",
  	journal    	= "Comput. Phys. Comm. 178 (2008) 852",
  	volume     	= "178",
  	pages      	= "852-867",
  	doi        	= "10.1016/j.cpc.2008.01.036",
  	year       	= "2008",
  	eprint     	= "0710.3820",
  	archivePrefix  = "arXiv",
  	primaryClass   = "hep-ph",
  	reportNumber   = "FERMILAB-PUB-07-512-CD-T, LU TP 07-28",
  	SLACcitation   = "%%CITATION = HEP-PH/0710.3820;%%",
}

@article{BarlowBeeston:1993,
  	author     	= "R. Barlow and C. Beeston",
  	title      	= "{Fitting using finite monte carlo samples}",
  	journal    	= "Computer Physics Communications",
  	volume     	= "77",
  	pages      	= "219-228",
  	year       	= "1993",
}

===== END BACKGROUND

@article{Evans:2008zzb,
  	author     	= "Evans, Lyndon and Bryant, Philip",
  	title      	= "{LHC Machine}",
  	journal    	= "JINST",
  	volume     	= "3",
  	year       	= "2008",
  	pages      	= "S08001",
  	doi        	= "10.1088/1748-0221/3/08/S08001",
  	SLACcitation   = "%%CITATION = JINST,3,S08001;%%"
}

@article{Bulletin:1255151,
  	author    	= "CERN Bulletin",
  	title     	= "{The particle suppliers. Les fournisseurs de particules}",
  	reportNumber  = "BUL-NA-2010-077, 14/2010",
  	pages     	= "03",
  	month     	= "Mar",
  	year      	= "2010",
  	url       	= "https://cds.cern.ch/record/1255151",
}

@article{ALICE:2008ngc,
	author = "Aamodt, K. and others",
	collaboration = "ALICE",
	title = "{The ALICE experiment at the CERN LHC}",
	doi = "10.1088/1748-0221/3/08/S08002",
	journal = "JINST",
	volume = "3",
	pages = "S08002",
	year = "2008"
}

@article{ATLAS:2008xda,
	author = "Aad, G. and others",
	collaboration = "ATLAS",
	title = "{The ATLAS Experiment at the CERN Large Hadron Collider}",
	doi = "10.1088/1748-0221/3/08/S08003",
	journal = "JINST",
	volume = "3",
	pages = "S08003",
	year = "2008"
}

@article{LHCb:2008vvz,
	author = "Alves, Jr., A. Augusto and others",
	collaboration = "LHCb",
	title = "{The LHCb Detector at the LHC}",
	reportNumber = "LHCb-DP-2008-001",
	doi = "10.1088/1748-0221/3/08/S08005",
	journal = "JINST",
	volume = "3",
	pages = "S08005",
	year = "2008"
}


@article{CMS:2020ebo,
	author = "Sirunyan, Albert M and others",
	collaboration = "CMS",
	title = "{Pileup mitigation at CMS in 13 TeV data}",
	eprint = "2003.00503",
	archivePrefix = "arXiv",
	primaryClass = "hep-ex",
	reportNumber = "CMS-JME-18-001, CERN-EP-2020-017",
	doi = "10.1088/1748-0221/15/09/P09018",
	journal = "JINST",
	volume = "15",
	number = "09",
	pages = "P09018",
	year = "2020"
}

@article{Chatrchyan:2008aa,
      author         = "Chatrchyan, S. and others",
      title          = "{The CMS Experiment at the CERN LHC}",
      collaboration  = "CMS",
      journal        = "JINST",
      volume         = "3",
      year           = "2008",
      pages          = "S08004",
      doi            = "10.1088/1748-0221/3/08/S08004",
      SLACcitation   = "%%CITATION = JINST,3,S08004;%%"
}



@article{Cooper:2016kef,
	author = "Cooper, Seth I.",
	editor = "Aguilar-Ben\'\i{}tez, M and Fuster, J and Mart\'\i{}-Garc\'\i{}a, S and Santamar\'\i{}a, A",
	collaboration = "CMS",
	title = "{Phase I Upgrade of the CMS Hadron Calorimeter}",
	reportNumber = "CMS-CR-2014-258",
	doi = "10.1016/j.nuclphysbps.2015.09.157",
	journal = "Nucl. Part. Phys. Proc.",
	volume = "273-275",
	pages = "1002--1007",
	year = "2016"
}


@book{Bayatian:922757,
  	author    	= "Bayatian, G L and others"
  	title     	= "{CMS Physics: Technical Design Report Volume 1: Detector
                  	Performance and Software}",
  	publisher 	= "CERN",
  	collaboration = "CMS Collaboration",
  	address   	= "Geneva",
	%   series    	= "Technical design report. CMS",
  	year      	= "2006",
  	url       	= "https://cds.cern.ch/record/922757",
}

@phdthesis{Bayatian:922757,
	author = "Bayatian, G L and others",
	title = "{CMS Physics: Technical Design Report Volume 1: Detector
                  	Performance and Software}",
	reportNumber = "DESY-THESIS-2020-001, CERN-THESIS-2019-303",
	doi = "10.3204/PUBDB-2020-00203",
	school = "Hamburg U.",
	year = "2019"
}

% @techreport{Contardo:2020886,
%   	author    	= "Contardo, D and Klute, M and Mans, J and Silvestris, L and
%                   	Butler, J",
%   	title     	= "{Technical Proposal for the Phase-II Upgrade of the CMS
%                   	Detector}",
%   	address   	= "Geneva",
%   	number    	= "CERN-LHCC-2015-010. LHCC-P-008. CMS-TDR-15-02",
%   	month     	= "Jun",
%   	year      	= "2015",
%   	reportNumber  = "CERN-LHCC-2015-010",
%   	url       	= "https://cds.cern.ch/record/2020886",
% }

@phdthesis{Anuar:2019rft,
	author = "Anuar, Afiq Aizuddin",
	title = "{Top Quark Spin and Polarization Properties in Searches for New Phenomena with the CMS Detector at the LHC}",
	reportNumber = "DESY-THESIS-2020-001, CERN-THESIS-2019-303",
	doi = "10.3204/PUBDB-2020-00203",
	school = "Hamburg U.",
	year = "2019"
}

@article{CMS:2018wqs,
	author = "Sirunyan, Albert M and others",
	collaboration = "CMS",
	title = "{Precision measurement of the structure of the CMS inner tracking system using nuclear interactions}",
	eprint = "1807.03289",
	archivePrefix = "arXiv",
	primaryClass = "physics.ins-det",
	reportNumber = "CMS-TRK-17-001, CERN-EP-2018-144",
	doi = "10.1088/1748-0221/13/10/P10034",
	journal = "JINST",
	volume = "13",
	number = "10",
	pages = "P10034",
	year = "2018"
}

@article{ParticleDataGroup:2018ovx,
	author = "Tanabashi, M. and others",
	collaboration = "Particle Data Group",
	title = "{Review of Particle Physics}",
	doi = "10.1103/PhysRevD.98.030001",
	journal = "Phys. Rev. D",
	volume = "98",
	number = "3",
	pages = "030001",
	year = "2018"
}

@article{Cummings:2022kgm,
	author = "Cummings, G.",
	collaboration = "CMS",
	title = "{CMS HCAL VTRx-induced communication loss and mitigation}",
	doi = "10.1088/1748-0221/17/05/C05020",
	journal = "JINST",
	volume = "17",
	number = "05",
	pages = "C05020",
	year = "2022"
}

@article{CMSHCAL:2007zcq,
	author = "Abdullin, S. and others",
	collaboration = "CMS HCAL",
	title = "{Design, performance, and calibration of CMS hadron-barrel calorimeter wedges}",
	reportNumber = "FERMILAB-PUB-08-246-CMS, CERN-CMS-NOTE-2006-138, CMS-NOTE-2006-138",
	doi = "10.1140/epjc/s10052-008-0573-y",
	journal = "Eur. Phys. J. C",
	volume = "55",
	number = "1",
	pages = "159--171",
	year = "2008"
}

@phdthesis{Andrews:2022nza,
	author = "Andrews, Michael",
	title = "{Search for exotic Higgs boson decays to merged photons employing a novel deep learning technique at CMS}",
	doi = "10.1184/R1/18412073.v1",
	school = "Carnegie Mellon U.",
	year = "2022"
}

@article{CMS:2008xjf,
    author = "Chatrchyan, S. and others",
    collaboration = "CMS",
    title = "{The CMS Experiment at the CERN LHC}",
    doi = "10.1088/1748-0221/3/08/S08004",
    journal = "JINST",
    volume = "3",
    pages = "S08004",
    year = "2008"
}

@online{MarkusKluteLectures,
    author      = "Klute, Markus",
    title       = "Introduction to Nuclear and Particle Physics",
    year        = "2020",
    url         = "https://ocw.mit.edu/8-701F20",
}
@online{Mouche:1708847,
  	author    	= "Mouche, Philippe",
  	title     	= "{Overall view of the LHC. Vue d'ensemble du LHC}",
  	month     	= "Jun",
  	year      	= "2014",
  	reportNumber  = "OPEN-PHO-ACCEL-2014-001",
  	url       	= "https://cds.cern.ch/record/1708847",
}

@online{Nobel2013,
  	author    	= "Nobel Prize",
  	title     	= "{The Nobel Prize in Physics 2013}",
  	year      	= "2013",
  	url       	= "https://www.nobelprize.org/prizes/physics/2013/summary/",
}


@inproceedings{Rossi:2002ye,
	author = "Rossi, L.",
	title = "{The LHC main dipoles and quadrupoles toward series production}",
	booktitle = "{Applied Superconductivity Conference}",
	reportNumber = "CERN-LHC-PROJECT-REPORT-623",
	month = "12",
	year = "2002"
}

@inproceedings{Ferrario:2020zwm,
	author = "Ferrario, Massimo and Holzer, Bernhard J.",
	title = "{Introduction to Particle Accelerators and their Limitations}",
	booktitle = "{CAS - CERN Accelerator School 2019}: {High Gradient Wakefield Accelerators}",
	eprint = "2007.04075",
	archivePrefix = "arXiv",
	primaryClass = "physics.acc-ph",
	month = "7",
	year = "2020"
}

@inproceedings{Holzer:2016lud,
	author = "Holzer, B. J.",
	title = "{Introduction to Particle Accelerators and their Limitations}",
	booktitle = "{CAS - CERN Accelerator School: Plasma Wake Acceleration}",
	eprint = "1705.09601",
	archivePrefix = "arXiv",
	primaryClass = "physics.acc-ph",
	doi = "10.5170/CERN-2016-001.29",
	publisher = "CERN",
	address = "Geneva",
	pages = "29--50",
	year = "2016"
}

@online{collisionRatePop,
  	author    	= "lhc-machine-outreach",
  	title     	= "{Collisions}",
  	url       	= "https://lhc-machine-outreach.web.cern.ch/collisions.htm",
}

@article{CMS:2008xjf,
	author = "Chatrchyan, S. and others",
	collaboration = "CMS",
	title = "The {CMS} experiment at the {CERN} {LHC}",
	doi = "10.1088/1748-0221/3/08/S08004",
	journal = "JINST",
	volume = "3",
	pages = "S08004",
	year = "2008"
}

L1 trigger:

@article{CMS:2020cmk,
	author = "Sirunyan, Albert M and others",
	collaboration = "CMS",
	title = "{Performance of the CMS Level-1 trigger in proton-proton collisions at $\sqrt{s} = 13$\,TeV}",
	journal = "JINST",
	volume = "15",
	pages = "P10017",
	year = "2020",
	doi = "10.1088/1748-0221/15/10/P10017",
	eprint = "2006.10165",
	archivePrefix = "arXiv",
	primaryClass = "hep-ex",
	reportNumber = "CMS-TRG-17-001, CERN-EP-2020-065",
}

HLT:

@article{CMS:2016ngn,
  	author     	= "Khachatryan, Vardan and others",
  	title          	= "{The CMS trigger system}",
  	collaboration  = "CMS",
  	journal    	= "JINST",
  	volume     	= "12",
  	pages      	= "P01020",
  	doi        	= "10.1088/1748-0221/12/01/P01020",
  	year       	= "2017",
  	eprint     	= "1609.02366",
  	archivePrefix  = "arXiv",
  	primaryClass   = "physics.ins-det",
  	reportNumber   = "CMS-TRG-12-001, CERN-EP-2016-160",
  	SLACcitation   = "%%CITATION = ARXIV:1609.02366;%%"
}

Particle-flow:

@article{CMS:2017yfk,
  	author     	= "Sirunyan, A. M. and others",
  	title      	= "Particle-flow reconstruction and global event description with the {CMS} detector",
  	collaboration  = "CMS",
  	journal 	= "JINST",
  	volume	= "12",
  	year     	= "2017",
  	pages  	= "P10003",
  	doi       	= "10.1088/1748-0221/12/10/P10003",
  	eprint     	= "1706.04965",
  	archivePrefix  = "arXiv",
  	primaryClass   = "physics.ins-det",
  	reportNumber   = "CMS-PRF-14-001, CERN-EP-2017-110",
  	SLACcitation   = "%%CITATION = ARXIV:1706.04965;%%",
}

Electron and photon reconstruction and selection, Run 2:

@article{CMS:2020uim,
	author    	= "Sirunyan, Albert M and others",
	collaboration = "CMS",
	title     	= "Electron and photon reconstruction and identification with the {CMS} experiment at the {CERN} {LHC}",
	eprint    	= "2012.06888",
	journal   	= "JINST",
	volume    	= "16",
	pages     	= "P05014",
	year      	= "2021",
	archivePrefix = "arXiv",
	primaryClass  = "hep-ex",
	reportNumber  = "CMS-EGM-17-001, CERN-EP-2020-219",
	doi       	= "10.1088/1748-0221/16/05/P05014"
}

@techreport{CMS-DP-2020-021,
  	title     	= "{ECAL} 2016 refined calibration and {Run2} summary plots",
  	author    	= "{CMS Collaboration}",
  	collaboration = "{CMS}",
  	url       	= "https://cds.cern.ch/record/2717925",
  	type      	= "CMS Detector Performance Summary",
  	number    	= "CMS-DP-2020-021",
  	year      	= "2020"
}

% Electron reconstruction and selection, Run 1:

@article{CMS:2015xaf,
  	author     	= "Khachatryan, Vardan and others",
  	title      	= "{Performance of electron reconstruction and selection
                    	with the CMS detector in proton-proton collisions at
                    	$\sqrt{s} = 8$\TeV}",
  	collaboration  = "CMS",
  	journal    	= "JINST",
  	volume     	= "10",
  	pages      	= "P06005",
  	doi        	= "10.1088/1748-0221/10/06/P06005",
  	year       	= "2015",
  	eprint     	= "1502.02701",
  	archivePrefix  = "arXiv",
  	primaryClass   = "physics.ins-det",
  	reportNumber   = "CMS-EGM-13-001, CERN-PH-EP-2015-004",
  	SLACcitation   = "%%CITATION = ARXIV:1502.02701;%%",
}

% Muon reconstruction and selection:

@article{CMS:2018rym,
	author = "Sirunyan, A. M. and others",
	collaboration = "CMS",
	title = "{Performance of the CMS muon detector and muon reconstruction with proton-proton collisions at $\sqrt{s}=$ 13 TeV}",
	eprint = "1804.04528",
	archivePrefix = "arXiv",
	primaryClass = "physics.ins-det",
	reportNumber = "CMS-MUO-16-001, CERN-EP-2018-058",
	doi = "10.1088/1748-0221/13/06/P06015",
	journal = "JINST",
	volume = "13",
	pages = "P06015",
	year = "2018"
}

% Photon reconstruction and selection, Run 1:

@article{CMS:2015myp,
	author = "Khachatryan, Vardan and others",
	collaboration = "CMS",
	title = "Performance of Photon Reconstruction and Identification with the {CMS} Detector in Proton-Proton Collisions at sqrt(s) = 8 {TeV}",
	eprint = "1502.02702",
	archivePrefix = "arXiv",
	primaryClass = "physics.ins-det",
	reportNumber = "CMS-EGM-14-001, CERN-PH-EP-2015-006",
	doi = "10.1088/1748-0221/10/08/P08010",
	journal = "JINST",
	volume = "10",
	pages = "P08010",
	year = "2015"
}

% Tracking:

@article{CMS:2014pgm,
	author = "Chatrchyan, Serguei and others",
	collaboration = "CMS",
	title = "{Description and performance of track and primary-vertex reconstruction with the CMS tracker}",
	eprint = "1405.6569",
	archivePrefix = "arXiv",
	primaryClass = "physics.ins-det",
	reportNumber = "CMS-TRK-11-001, CERN-PH-EP-2014-070",
	doi = "10.1088/1748-0221/9/10/P10009",
	journal = "JINST",
	volume = "9",
	pages = "P10009",
	year = "2014"
}

% Tracker Alignment:

@article{CMS:2021ime,
	author = "Tumasyan, Armen and others",
	collaboration = "CMS",
	title = "{Strategies and performance of the CMS silicon tracker alignment during LHC Run~2}",
	eprint = "2111.08757",
	archivePrefix = "arXiv",
	primaryClass = "physics.ins-det",
	reportNumber = "CMS-TRK-20-001, CERN-EP-2021-203",
	doi = "10.1016/j.nima.2022.166795",
	journal = "Nucl. Instrum. Meth. A",
	volume = "1037",
	pages = "166795",
	year = "2022"
}

% Tracker Alignment, Run1:

@article{CMS:2014fny,
	author = "Chatrchyan, Serguei and others",
	collaboration = "CMS",
	title = "{Alignment of the CMS tracker with LHC and cosmic ray data}",
	eprint = "1403.2286",
	archivePrefix = "arXiv",
	primaryClass = "physics.ins-det",
	reportNumber = "CMS-TRK-11-002, CERN-PH-EP-2014-028",
	doi = "10.1088/1748-0221/9/06/P06009",
	journal = "JINST",
	volume = "9",
	pages = "P06009",
	year = "2014"
}

% tau reconstruction and identification:

@article{CMS:2018jrd,
	author = "Sirunyan, A. M. and others",
	collaboration = "CMS",
	title = "{Performance of reconstruction and identification of $\tau$ leptons decaying to hadrons and $\nu_\tau$ in pp collisions at $\sqrt{s}=$ 13 TeV}",
	eprint = "1809.02816",
	archivePrefix = "arXiv",
	primaryClass = "hep-ex",
	reportNumber = "CMS-TAU-16-003, CERN-EP-2018-229",
	doi = "10.1088/1748-0221/13/10/P10005",
	journal = "JINST",
	volume = "13",
	number = "10",
	pages = "P10005",
	year = "2018"
}

% Jets, including jet energy scale and resolution:

@article{CMS:2016lmd,
  	author     	= "Khachatryan, Vardan and others",
  	title      	= "{Jet energy scale and resolution in the CMS experiment in
                       	pp collisions at 8 TeV}",
  	collaboration  = "CMS",
  	journal    	= "JINST",
  	volume     	= "12",
  	year       	= "2017",
  	pages      	= "P02014",
  	doi        	= "10.1088/1748-0221/12/02/P02014",
  	eprint     	= "1607.03663",
  	archivePrefix  = "arXiv",
  	primaryClass   = "hep-ex",
  	reportNumber   = "CMS-JME-13-004, CERN-PH-EP-2015-305",
  	SLACcitation   = "%%CITATION = ARXIV:1607.03663;%%"
}

% Missing transverse momentum:

@article{CMS:2019ctu,
  	author     	= "Sirunyan, Albert M and others",
  	title      	= "Performance of missing transverse momentum
                    	reconstruction in proton-proton collisions at $\sqrt{s} =
                    	13$\,{TeV} using the {CMS} detector",
  	collaboration  = "CMS",
  	journal    	= "JINST",
  	volume     	= "14",
  	year       	= "2019",
  	pages      	= "P07004",
  	doi        	= "10.1088/1748-0221/14/07/P07004",
  	eprint     	= "1903.06078",
  	archivePrefix  = "arXiv",
  	primaryClass   = "hep-ex",
  	reportNumber   = "CMS-JME-17-001, CERN-EP-2018-335",
  	SLACcitation   = "%%CITATION = ARXIV:1903.06078;%%"
}


@article{CMS-LUM-17-003,
	author = "Sirunyan, Albert M and others",
	collaboration = "CMS",
	title = "Precision luminosity measurement in proton-proton collisions at $\sqrt{s} =$ 13 {TeV} in 2015 and 2016 at {CMS}",
	eprint = "2104.01927",
	archivePrefix = "arXiv",
	primaryClass = "hep-ex",
	reportNumber = "CMS-LUM-17-003, CERN-EP-2021-033",
	year = "2021",
	doi = "10.1140/epjc/s10052-021-09538-2",
	journal = "Eur. Phys. J. C",
	volume = "81",
	pages = "800",
}

@techreport{CMS-PAS-LUM-17-004,
	title     	= "{CMS} luminosity measurement for the 2017 data-taking period at $\sqrt{s}$ = 13 {TeV}",
	author    	= "{CMS Collaboration}",
	collaboration = "{CMS}",
	url       	= "https://cds.cern.ch/record/2621960/",
	type      	= "CMS Physics Analysis Summary",
	number    	= "CMS-PAS-LUM-17-004",
	year      	= "2018"
}

@techreport{CMS-PAS-LUM-18-002,
	title     	= "{CMS} luminosity measurement for the 2018 data-taking period at $\sqrt{s}$ = 13 {TeV}",
	author    	= "{CMS Collaboration}",
	collaboration = "{CMS}",
	url       	= "https://cds.cern.ch/record/2676164/",
	type      	= "CMS Physics Analysis Summary",
	number    	= "CMS-PAS-LUM-18-002",
	year      	= "2019"
}


@article{Blondel:2021ema,
    author = "Blondel, Alain and Janot, Patrick",
    title = "{FCC-ee overview: new opportunities create new challenges}",
    eprint = "2106.13885",
    archivePrefix = "arXiv",
    primaryClass = "hep-ex",
    doi = "10.1140/epjp/s13360-021-02154-9",
    journal = "Eur. Phys. J. Plus",
    volume = "137",
    number = "1",
    pages = "92",
    year = "2022"
}


@article{Sakuma:2013jqa,
    author = "Sakuma, Tai and McCauley, Thomas",
    editor = "Groep, D. L. and Bonacorsi, D.",
    title = "{Detector and Event Visualization with SketchUp at the CMS Experiment}",
    eprint = "1311.4942",
    archivePrefix = "arXiv",
    primaryClass = "physics.ins-det",
    reportNumber = "CMS-CR-2013-379, FERMILAB-CONF-13-592-CMS-WDRS",
    doi = "10.1088/1742-6596/513/2/022032",
    journal = "J. Phys. Conf. Ser.",
    volume = "513",
    pages = "022032",
    year = "2014"
}


@phdthesis{Cummings_phdThesis,
    author      = "Cummings, Grace",
    title       = "{A Search for Resonant Cascades to Neutral Standard Model Bosons and \(p_T\)miss and Selected Stories of the CMS Hadron Calorimeter Phase 1 Upgrade}",
    year        = "2022",
    url         = "https://cds.cern.ch/record/2842451",
    note        = "Presented on October 26, 2022",
}


@article{HBTDCLUT_uHTR,
	author    	= "Kopp, Gillian and others",
	title = "{Specifications for HCAL uHTR Firmware}",
	year      	= "2022",
	url = "https://cms-docdb.cern.ch/cgi-bin/PublicDocDB/RetrieveFile?docid=12306&filename=LLPbits_uhtr_spec.pdf&version=22",
}


========== END LHC_CMS

@TECHREPORT{ref:AN2016_167,
 	AUTHOR   	= "{CMS} Diphoton working group",
 	TITLE    	= "Search for new physics in the diphoton spectrum at high mass at 13 TeV (2016 data)",
 	INSTITUTION   = "CERN",
 	TYPE     	= "{CMS} Note",
 	NUMBER   	= "2016/167",
 	URL      	= "http://cms.cern.ch/iCMS/user/noteinfo?cmsnoteid=CMS%20AN-2016/167",
 	YEAR     	= "2016",

}

@article{CMS:2014pgm,
    author = "Chatrchyan, Serguei and others",
    collaboration = "CMS",
    title = "{Description and performance of track and primary-vertex reconstruction with the CMS tracker}",
    eprint = "1405.6569",
    archivePrefix = "arXiv",
    primaryClass = "physics.ins-det",
    reportNumber = "CMS-TRK-11-001, CERN-PH-EP-2014-070",
    doi = "10.1088/1748-0221/9/10/P10009",
    journal = "JINST",
    volume = "9",
    number = "10",
    pages = "P10009",
    year = "2014"
}


@article{Chatrchyan:2014fea,
      author         = "Chatrchyan, Serguei and others",
      title          = "{Description and performance of track and primary-vertex
                        reconstruction with the CMS tracker}",
      collaboration  = "CMS",
      journal        = "JINST",
      volume         = "9",
      year           = "2014",
      number         = "10",
      pages          = "P10009",
      doi            = "10.1088/1748-0221/9/10/P10009",
      eprint         = "1405.6569",
      archivePrefix  = "arXiv",
      primaryClass   = "physics.ins-det",
      reportNumber   = "CMS-TRK-11-001, CERN-PH-EP-2014-070",
      SLACcitation   = "%%CITATION = ARXIV:1405.6569;%%"
}
@article{Khachatryan:2015iwa,
  	author     	= "Khachatryan, Vardan and others",
  	title      	= "Performance of Photon Reconstruction and Identification
                    	with the {CMS} Detector in Proton-Proton Collisions at
                    	{$\sqrt{s} = 8$ TeV}",
  	collaboration  = "CMS",
  	journal    	= "JINST",
  	volume     	= "10",
  	year       	= "2015",
  	pages      	= "P08010",
  	doi        	= "10.1088/1748-0221/10/08/P08010",
  	eprint     	= "1502.02702",
  	archivePrefix  = "arXiv",
  	primaryClass   = "physics.ins-det",
  	reportNumber   = "CMS-EGM-14-001, CERN-PH-EP-2015-006",
  	SLACcitation   = "%%CITATION = ARXIV:1502.02702;%%"
}

@article{Sirunyan:2018wnk,
  	author     	= "Sirunyan, A. M. and others",
  	title      	= "{Search for physics beyond the standard model in
                    	high-mass diphoton events from proton-proton collisions at
                    	$\sqrt{s} =$ 13 TeV}",
  	collaboration  = "CMS",
  	journal    	= "Phys. Rev. D",
  	volume     	= "98",
  	year       	= "2018",
  	number     	= "9",
  	pages      	= "092001",
  	doi        	= "10.1103/PhysRevD.98.092001",
  	eprint     	= "1809.00327",
  	archivePrefix  = "arXiv",
  	primaryClass   = "hep-ex",
  	reportNumber   = "CMS-EXO-17-017, CERN-EP-2018-219",
  	SLACcitation   = "%%CITATION = ARXIV:1809.00327;%%"
}

%% CMS Object reco etc
@article{CMS-PRF-14-001,
  	author     	= "Sirunyan, A. M. and others",
  	title      	= "Particle-flow reconstruction and global event description with the {CMS} detector",
  	collaboration  = "CMS",
  	journal 	= "JINST",
  	volume	= "12",
  	year     	= "2017",
  	pages  	= "P10003",
  	doi       	= "10.1088/1748-0221/12/10/P10003",
  	eprint     	= "1706.04965",
  	archivePrefix  = "arXiv",
  	primaryClass   = "physics.ins-det",
  	reportNumber   = "CMS-PRF-14-001, CERN-EP-2017-110",
  	SLACcitation   = "%%CITATION = ARXIV:1706.04965;%%",
}

@online{EGM_Twiki,
  title = "{Guide to E/gamma MiniAOD V2 Format}",
  collaboration = "CMS Collaboration",
  url = {{https://twiki.cern.ch/twiki/bin/viewauth/CMS/EgammaMiniAODV2}},
}

@article{CMS:2015xaf,
    author = "Khachatryan, Vardan and others",
    collaboration = "CMS",
    title = "{Performance of Electron Reconstruction and Selection with the CMS Detector in Proton-Proton Collisions at \ensuremath{\sqrt{}}s = 8  TeV}",
    eprint = "1502.02701",
    archivePrefix = "arXiv",
    primaryClass = "physics.ins-det",
    reportNumber = "CMS-EGM-13-001, CERN-PH-EP-2015-004",
    doi = "10.1088/1748-0221/10/06/P06005",
    journal = "JINST",
    volume = "10",
    number = "06",
    pages = "P06005",
    year = "2015"
}


@article{ElectronReconstruction,
    doi = {10.1088/1748-0221/10/06/p06005},
    url = {https://doi.org/10.1088%2F1748-0221%2F10%2F06%2Fp06005},
    year = 2015,
    month = {jun},
    publisher = {{IOP} Publishing},
    volume = {10},
    number = {06},
    pages = {P06005--P06005},
    title = {Performance of electron reconstruction and selection with the {CMS} detector in proton-proton collisions at $\sqrt$$\less$i$\greater$s$\less$/i$\greater$= 8 {TeV}},
    journal = {Journal of Instrumentation}
}


@article{Mukherjee:2021wzi,
    author = "Mukherjee, Swagata",
    collaboration = "CMS",
    title = "{Electron and Photon Performance in CMS in Run-2 and Prospects for Run-3}",
    doi = "10.1134/S1063778821040207",
    journal = "Phys. At. Nucl.",
    volume = "84",
    number = "4",
    pages = "571--578",
    year = "2021"
}


@article{CMS:2018rym,
    author = "Sirunyan, A. M. and others",
    collaboration = "CMS",
    title = "{Performance of the CMS muon detector and muon reconstruction with proton-proton collisions at $\sqrt{s}=$ 13 TeV}",
    eprint = "1804.04528",
    archivePrefix = "arXiv",
    primaryClass = "physics.ins-det",
    reportNumber = "CMS-MUO-16-001, CERN-EP-2018-058",
    doi = "10.1088/1748-0221/13/06/P06015",
    journal = "JINST",
    volume = "13",
    number = "06",
    pages = "P06015",
    year = "2018"
}



@article{Strologas:2287326,
  	author    	= "Strologas, John",
  	collaboration = "CMS",
  	title     	= "{Performance of Jet reconstruction in CMS at 13 TeV}",
  	journal   	= "PoS",
  	volume    	= "ICHEP2016",
  	pages     	= "736",
  	year      	= "2016",
  	url       	= "http://cds.cern.ch/record/2287326",
  	doi       	= "10.22323/1.282.0736",
}


@article{PrimaryVertexReconstruction,
    doi = {10.1088/1748-0221/9/10/p10009},
    url = {https://doi.org/10.1088%2F1748-0221%2F9%2F10%2Fp10009},
    year = 2014,
    month = {oct},
    publisher = {{IOP} Publishing},
    volume = {9},
    number = {10},
    pages = {P10009--P10009},
    author = {The CMS Collaboration},
    title = {Description and performance of track and primary-vertex reconstruction with the {CMS} tracker},
    journal = {Journal of Instrumentation}
}

@article{antikt_algorithm,
    doi = {10.1088/1126-6708/2008/04/063},
    url = {https://doi.org/10.1088%2F1126-6708%2F2008%2F04%2F063},
    year = 2008,
    month = {apr},
    publisher = {Springer Science and Business Media {LLC}},
    volume = {2008},
    number = {04},
    pages = {063--063},
    author = {Matteo Cacciari and Gavin P Salam and Gregory Soyez},
    title = {The anti-$\less$i$\greater$k$\less$/i$\greater$$\less$sub$\greater$$\less$i$\greater$t$\less$/i$\greater$$\less$/sub$\greater$jet clustering algorithm},
    journal = {Journal of High Energy Physics}
}

@TECHREPORT{ref:AN2016_167,
 	AUTHOR   	= "{CMS} Diphoton working group",
 	TITLE    	= "Search for new physics in the diphoton spectrum at high mass at 13 TeV (2016 data)",
 	INSTITUTION   = "CERN",
 	TYPE     	= "{CMS} Note",
 	NUMBER   	= "2016/167",
 	URL      	= "http://cms.cern.ch/iCMS/user/noteinfo?cmsnoteid=CMS%20AN-2016/167",
 	YEAR     	= "2016",

}

@article{Andrews_2020_e2e_direct,
    doi = {10.1007/s41781-020-00038-8},
    url = {https://doi.org/10.1007%2Fs41781-020-00038-8},
 
    year = 2020,
    month = {mar},
 
    publisher = {Springer Science and Business Media {LLC}
},
 
    volume = {4},
 
    number = {1},
 
    author = {M. Andrews and M. Paulini and S. Gleyzer and B. Poczos},
 
    title = {End-to-End Physics Event Classification with {CMS} Open Data: Applying Image-Based Deep Learning to Detector Data for the Direct Classification of Collision Events at the {LHC}},
 
    journal = {Computing and Software for Big Science}
}

@article{Andrews_2020_e22_jet,
    doi = {10.1016/j.nima.2020.164304},
 
    url = {https://doi.org/10.1016%2Fj.nima.2020.164304},
 
    year = 2020,
    month = {oct},
 
    publisher = {Elsevier {BV}
},
 
    volume = {977},
 
    pages = {164304},
 
    author = {M. Andrews and J. Alison and S. An and B. Burkle and S. Gleyzer and M. Narain and M. Paulini and B. Poczos and E. Usai},
 
    title = {End-to-end jet classification of quarks and gluons with the {CMS} Open Data},
 
    journal = {Nuclear Instruments and Methods in Physics Research Section A: Accelerators, Spectrometers, Detectors and Associated Equipment}
}


@article{Khachatryan:2015iwa,
  	author     	= "Khachatryan, Vardan and others",
  	title      	= "Performance of Photon Reconstruction and Identification
                    	with the {CMS} Detector in Proton-Proton Collisions at
                    	{$\sqrt{s} = 8$ TeV}",
  	collaboration  = "CMS",
  	journal    	= "JINST",
  	volume     	= "10",
  	year       	= "2015",
  	pages      	= "P08010",
  	doi        	= "10.1088/1748-0221/10/08/P08010",
  	eprint     	= "1502.02702",
  	archivePrefix  = "arXiv",
  	primaryClass   = "physics.ins-det",
  	reportNumber   = "CMS-EGM-14-001, CERN-PH-EP-2015-006",
  	SLACcitation   = "%%CITATION = ARXIV:1502.02702;%%"
}







@article{Cacciari_2008a,
    doi = {10.1016/j.physletb.2007.09.077},
    url = {https://doi.org/10.1016%2Fj.physletb.2007.09.077},
    year = 2008,
    month = {jan},
    publisher = {Elsevier {BV}},
 
    volume = {659},
 
    number = {1-2},
 
    pages = {119--126},
 
    author = {Matteo Cacciari and Gavin P. Salam},
 
    title = {Pileup subtraction using jet areas},
    journal = {Physics Letters B}
}

@online{CMS_Collaboration_reweighting,
  author = {CMS Collaboration},
  title = {Reweighting recipe to emulate Level 1 ECAL prefiring},
  year = {2019-04-08},
  url = {https://twiki.cern.ch/twiki/bin/viewauth/CMS/L1ECALPrefiringWeightRecipe},
}

@Article{Cacciari:2008gp,
     AUTHOR    = "Cacciari, Matteo and Salam, Gavin P. and Soyez, Gregory",
     TITLE     = "{The anti-$k_t$ jet clustering algorithm}",
     JOURNAL   = "JHEP",
     VOLUME    = "04",
     YEAR      = "2008",
     PAGES     = "063",
     doi       = "10.1088/1126-6708/2008/04/063",
     eprint         = "0802.1189",
     archivePrefix  = "arXiv",
     primaryClass   = "hep-ex",
}
@article{Cacciari:2011ma,
      author         = "Cacciari, Matteo and Salam, Gavin P. and Soyez, Gregory",
      title          = "{FastJet user manual}",
      journal        = "Eur. Phys. J. C",
      volume         = "72",
      pages          = "1896",
      doi            = "10.1140/epjc/s10052-012-1896-2",
      year           = "2012",
      eprint         = "1111.6097",
      archivePrefix  = "arXiv",
      primaryClass   = "hep-ph",
      reportNumber   = "CERN-PH-TH-2011-297",
      SLACcitation   = "%%CITATION = ARXIV:1111.6097;%%",
}
Maybe delete the next two

@article{Cacciari_2008b,
    doi = {10.1088/1126-6708/2008/04/005},
 
    url = {https://doi.org/10.1088%2F1126-6708%2F2008%2F04%2F005},
 
    year = 2008,
    month = {apr},
 
    publisher = {Springer Science and Business Media {LLC}
},
 
    volume = {2008},
 
    number = {04},
 
    pages = {005--005},
 
    author = {Matteo Cacciari and Gavin P Salam and Gregory Soyez},
 
    title = {The catchment area of jets},
 
    journal = {Journal of High Energy Physics}
}

@article{Sirunyan:2019,
      author         = "Sirunyan, A.M, and others",
      title          = "{Search for contact interactions and large extradimensions in the dilepton mass spectra from proton-proton collisions at s = 13 TeV}",
      collaboration  = "CMS",
      journal        = "Journal of High Energy Physics",
      year           = "2019",
      doi            = "10.001/JHEP04(2019)114",
      eprint         = "1812.10443v2",
      archivePrefix  = "arXiv",
      primaryClass   = "hep-ph",
      SLACcitation   = "%%CITATION = ARXIV:1812.10443v2;%%"
}


@article{cmsdiphoton2016,
  	author     	= "Sirunyan, A. M. and others",
  	title      	= "{Search for physics beyond the standard model in
                    	high-mass diphoton events from proton-proton collisions at
                    	$\sqrt{s} =$ 13 TeV}",
  	collaboration  = "CMS",
  	journal    	= "Phys. Rev. D",
  	volume     	= "98",
  	year       	= "2018",
  	number     	= "9",
  	pages      	= "092001",
  	doi        	= "10.1103/PhysRevD.98.092001",
  	eprint     	= "1809.00327",
  	archivePrefix  = "arXiv",
  	primaryClass   = "hep-ex",
  	reportNumber   = "CMS-EXO-17-017, CERN-EP-2018-219",
  	SLACcitation   = "%%CITATION = ARXIV:1809.00327;%%"
}

@article{saturation_readout,
    author = "Raymond, M. and Crooks, J. and French, M. and Hall, G.",
    journal = "IEEE Transactions on Nuclear Science",
    title = "The MGPA electromagnetic calorimeter readout chip for CMS",
    year = "2005",
    volume = "52",
    number = "3",
    pages = "756-763",
    doi = "10.1109/TNS.2005.850979"
}

@article{Clerbaux:2006kp,
    author = "Clerbaux, Barbara and Elgammal, S. and Mahmoud, T. and Marage, P.",
    title = "{Saturation and energy corrections for TeV electrons and photons}",
    reportNumber = "CERN-CMS-NOTE-2006-149",
    month = "12",
    year = "2006"
}




@ARTICLE{generic_TnP,
  AUTHOR   	= "{The CMS Collaboration}",
  TITLE    	= "{Generic Tag and Probe Tool for Measuring Efficiency at CMS with Early Data}",
  JOURNAL  	= "CMS Analysis note",
  URL      	= {http://cms.cern.ch/iCMS/jsp/db_notes/noteInfo.jsp?cmsnoteid=CMS\%20AN-2018/105},
  VOLUME   	= "2009/111",
  YEAR     	= "2009"
}

@TECHREPORT{CMS_AN_2017-027,
 	AUTHOR   	= "Doneg, Mauro and Musella, Pasquale and Pigazzini, Simone and Tabarelli de Fatis, Tommaso",
 	TITLE    	= "Search for high-mass resonances in the diphoton channel (full 2016 dataset)",
 	TYPE  	= "CMS Note",
 	NUMBER   	= "2017/206",
 	URL      	= "https://cms.cern.ch/iCMS/jsp/db_notes/noteInfo.jsp?cmsnoteid=CMS\%20AN-2017/206",
 	YEAR     	= "2017"}


======= END OBJECT RECO

@online{HiggsCombineAsymptoticLimits,
  	author    	= "Combine",
  	title     	= "{Higgs Combine Common Stats Methods}",
  	url       	= "http://cms-analysis.github.io/HiggsAnalysis-CombinedLimit/part3/commonstatsmethods/",
}

@article{BarlowPracticalStatistics,
  doi = {10.23730/CYRSP-2020-005.149},
 
  url = {https://e-publishing.cern.ch/index.php/CYRSP/article/view/1124},
 
  author = {Barlow, R.J.},
 
  language = {en},
 
  title = {Practical statistics for particle physics},
 
  journal = {CERN Yellow Reports: School Proceedings},
 
  volume = {Vol. 5 },
 
  issue = {2020},
 
  pages = {12–25 September 2018},
 
  publisher = {CERN Yellow Reports: School Proceedings},
 
  year = {2020},
 
  copyright = {Creative Commons Attribution 4.0 International}
}


@article{CLsMethod,
  doi = {10.1088/0954-3899/28/10/313 },
 
  url = {https://iopscience.iop.org/article/10.1088/0954-3899/28/10/313/pdf},
 
  author = {A.L. Read},
 
  language = {en},
 
  title = {Presentation of search results: the CLs technique},
 
  journal = {Journal of Physics G: Nuclear and Particle Physics},
 
  volume = {28},
  year = {2002}
}

@online{THETAFrameworkIntro,
  	author    	= "Jochen Ott",
  	title     	= "{Practical Statistics}",
  	url       	= "https://indico.cern.ch/event/322208/attachments/623138/857502/main.pdf",
}

@article{ATLAS:2023hbp,
	author = "Aad, Georges and others",
	collaboration = "ATLAS",
	title = "{Search for periodic signals in the dielectron and diphoton invariant mass spectra using 139 fb$^{-1}$ of $pp$ collisions at $\sqrt{s} =$ 13 TeV with the ATLAS detector}",
	eprint = "2305.10894",
	archivePrefix = "arXiv",
	primaryClass = "hep-ex",
	reportNumber = "CERN-EP-2023-073",
	month = "5",
	year = "2023"
}


@article{Clissa:2021,
	author = "Clissa, Luca",
	collaboration = "ATLAS",
	title = "{Survey of Big Data Sizes in 2021}",
	eprint = "2202.07659",
	archivePrefix = "arXiv",
	month = "2",
	year = "2022"
}

===== END Results and Limits

%% Unparticles theory
@article{Georgi:2007unpar,
  	author     	= "Howard Georgi",
  	title      	= "Unparticle Physics",
  	journal    	= "Phys. Rev. Lett",
  	volume     	= "98",
  	doi        	= "10.1016/S0370-2693(98)00466-3",
  	year       	= "1998",
  	eprint     	= "hep-ph/9803315",
  	archivePrefix  = "arXiv",
  	primaryClass   = "hep-ph",
  	reportNumber   = "SLAC-PUB-7769, SU-ITP-98-13",
  	SLACcitation   = "%%CITATION = HEP-PH/9803315;%%",
}

@article{Ask:2009pv,
	author = "Ask, S. and Akin, I. V. and Benucci, L. and De Roeck, A. and Goebel, M. and Haller, J.",
	title = "{Real Emission and Virtual Exchange of Gravitons and Unparticles in Pythia8}",
	eprint = "0912.4233",
	archivePrefix = "arXiv",
	primaryClass = "hep-ph",
	reportNumber = "MAN-HEP-2009-20, MCNET-09-20, DESY-09-214",
	doi = "10.1016/j.cpc.2010.05.013",
	journal = "Comput. Phys. Commun.",
	volume = "181",
	pages = "1593--1604",
	year = "2010"
}

@article{CheungEtAl:2007,
  	author     	= "Cheung, Kingman and Keung, Wai-Yee and Yuan, Tzu-Chiang",
  	title      	= "Collider phenomenology of unparticle physics",
  	journal    	= "Physical Review D",
  	volume     	= "76",
  	doi        	= "10.1103/physrevd.76.055003",
  	year       	= "2007",
  	eprint     	= "hep-ph/07063155",
  	archivePrefix  = "arXiv",
  	primaryClass   = "hep-ph",
}


@article{KumarEtal:2008,
  	author     	= "Kumar, M. C. and Mathews, Prakash and Ravindran, V. and Tripathi, Anurag",
  	title      	= "Unparticle physics in diphoton production at the CERN LHC",
  	journal    	= "Physical Review D",
  	volume     	= "77",
  	doi        	= "10.1103/physrevd.77.055013",
  	year       	= "2008",
  	eprint     	= "hep-ph/0709.2478",
  	archivePrefix  = "arXiv",
  	primaryClass   = "hep-ph",
}

@Article{Sjostrand:2006za,
  	author     	= "Sj{\"o}strand, Torbj{\"o}rn and Mrenna, Stephen and Skands, Peter",
  	title      	= "{PYTHIA} 6.4 physics and manual",
  	journal    	= "JHEP",
  	volume     	= "05",
  	pages      	= "026",
  	doi        	= "10.1088/1126-6708/2006/05/026",
  	year       	= "2006",
  	eprint     	= "hep-ph/0603175",
  	archivePrefix  = "arXiv",
  	primaryClass   = "hep-ph",
  	reportNumber   = "FERMILAB-PUB-06-052-CD-T, LU-TP-06-13",
  	SLACcitation   = "%%CITATION = HEP-PH/0603175;%%",
}

@Article{Sjostrand:2008za,
  	author     	= "Sj{\"o}strand, Torbj{\"o}rn and Mrenna, Stephen and Skands, Peter",
  	title      	= "An Introduction to {PYTHIA} 8.1",
  	journal    	= "Comput. Phys. Comm. 178 (2008) 852",
  	volume     	= "178",
  	pages      	= "852-867",
  	doi        	= "10.1016/j.cpc.2008.01.036",
  	year       	= "2008",
  	eprint     	= "0710.3820",
  	archivePrefix  = "arXiv",
  	primaryClass   = "hep-ph",
  	reportNumber   = "FERMILAB-PUB-07-512-CD-T, LU TP 07-28",
  	SLACcitation   = "%%CITATION = HEP-PH/0710.3820;%%",
}

@article{Sirunyan:2019dfx,
  	author     	= "Sirunyan, Albert M and others",
  	title      	= "{Extraction and validation of a new set of CMS PYTHIA8
                    	tunes from underlying-event measurements}",
  	collaboration  = "CMS",
  	year       	= "2019",
  	eprint     	= "1903.12179",
  	archivePrefix  = "arXiv",
  	primaryClass   = "hep-ex",
  	reportNumber   = "CMS-GEN-17-001, CERN-EP-2019-007",
  	SLACcitation   = "%%CITATION = ARXIV:1903.12179;%%"
}



======= END Signal

@article{2Clockwork,
  	author     	= "G. F. Giudice and M. McCullough",
  	title      	= "{A clockwork theory}",
  	journal    	= "Journal of High Energy Physics",
  	doi        	= "10.1007/JHEP02(2017)036",
  	year       	= "2017",
}

@article{3LittleStringTheoryAtATeV,
  	author     	= "I. Antoniadis, S. Dimopoulos, and A. Giveon",
  	title      	= "{Little string theory at a tev}",
  	journal    	= "Journal of High Energy Physics",
  	doi        	= "10.1007/JHEP02(2017)036",
  	year       	= "2001",
}

@article{4LittleStringTheoryAtATeV,
  	author     	= "I. Antoniadis, A. Arvanitaki, S. Dimopoulos, and A. Giveon",
  	title      	= "{Phenomenology of tev little string theory from holography}",
  	journal    	= "Phys. Rev. Lett.",
  	volume     	= "108",
  	doi        	= "doi:10.1103/PhysRevLett.108.081602",
  	year       	= "2012",
}

@article{5LittleStringTheoryAtATeV,
  	author     	= "M. Baryakhtar",
  	title      	= "{Graviton phenomenology of linear dilaton geometries}",
  	journal    	= "Phys. Rev. D",
  	volume     	= "85",
  	doi        	= "doi:10.1103/PhysRevD.85.125019",
  	year       	= "2012",
}


@article{8GiudiceWIP,
  	author     	= " G. F. Giudice et al",
  	title      	= "{Work in progress}",
  	journal    	= "Work in Progress",
  	doi        	= "doi:10.1103/PhysRevD.85.125019",
}



%% Unparticles theory
@article{Georgi:2007unpar,
  	author     	= "Howard Georgi",
  	title      	= "Unparticle Physics",
  	journal    	= "Phys. Rev. Lett",
  	volume     	= "98",
  	doi        	= "10.1016/S0370-2693(98)00466-3",
  	year       	= "1998",
  	eprint     	= "hep-ph/9803315",
  	archivePrefix  = "arXiv",
  	primaryClass   = "hep-ph",
  	reportNumber   = "SLAC-PUB-7769, SU-ITP-98-13",
  	SLACcitation   = "%%CITATION = HEP-PH/9803315;%%",
}

@article{Ask:2009pv,
	author = "Ask, S. and Akin, I. V. and Benucci, L. and De Roeck, A. and Goebel, M. and Haller, J.",
	title = "{Real Emission and Virtual Exchange of Gravitons and Unparticles in Pythia8}",
	eprint = "0912.4233",
	archivePrefix = "arXiv",
	primaryClass = "hep-ph",
	reportNumber = "MAN-HEP-2009-20, MCNET-09-20, DESY-09-214",
	doi = "10.1016/j.cpc.2010.05.013",
	journal = "Comput. Phys. Commun.",
	volume = "181",
	pages = "1593--1604",
	year = "2010"
}

@article{CheungEtAl:2007,
  	author     	= "Cheung, Kingman and Keung, Wai-Yee and Yuan, Tzu-Chiang",
  	title      	= "Collider phenomenology of unparticle physics",
  	journal    	= "Physical Review D",
  	volume     	= "76",
  	doi        	= "10.1103/physrevd.76.055003",
  	year       	= "2007",
  	eprint     	= "hep-ph/07063155",
  	archivePrefix  = "arXiv",
  	primaryClass   = "hep-ph",
}


@article{KumarEtal:2008,
  	author     	= "Kumar, M. C. and Mathews, Prakash and Ravindran, V. and Tripathi, Anurag",
  	title      	= "Unparticle physics in diphoton production at the CERN LHC",
  	journal    	= "Physical Review D",
  	volume     	= "77",
  	doi        	= "10.1103/physrevd.77.055013",
  	year       	= "2008",
  	eprint     	= "hep-ph/0709.2478",
  	archivePrefix  = "arXiv",
  	primaryClass   = "hep-ph",
}


@article{bierlich2022comprehensive,
  	author     	= "Christian Bierlich and Smita Chakraborty and Nishita Desai and Leif Gellersen and Ilkka Helenius and Philip Ilten and Leif Lönnblad and Stephen Mrenna and Stefan Prestel and Christian T. Preuss and Torbjörn Sjöstrand and Peter Skands and Marius Utheim and Rob Verheyen",
  	title      	= "A comprehensive guide to the physics and usage of PYTHIA 8.3",
    year={2022},
    eprint={2203.11601},
    archivePrefix={arXiv},
    primaryClass={hep-ph}
}

@Article{Sjostrand:2006za,
  	author     	= "Sj{\"o}strand, Torbj{\"o}rn and Mrenna, Stephen and Skands, Peter",
  	title      	= "{PYTHIA} 6.4 physics and manual",
  	journal    	= "JHEP",
  	volume     	= "05",
  	pages      	= "026",
  	doi        	= "10.1088/1126-6708/2006/05/026",
  	year       	= "2006",
  	eprint     	= "hep-ph/0603175",
  	archivePrefix  = "arXiv",
  	primaryClass   = "hep-ph",
  	reportNumber   = "FERMILAB-PUB-06-052-CD-T, LU-TP-06-13",
  	SLACcitation   = "%%CITATION = HEP-PH/0603175;%%",
}

@Article{Sjostrand:2008za,
  	author     	= "Sj{\"o}strand, Torbj{\"o}rn and Mrenna, Stephen and Skands, Peter",
  	title      	= "An Introduction to {PYTHIA} 8.1",
  	journal    	= "Comput. Phys. Comm. 178 (2008) 852",
  	volume     	= "178",
  	pages      	= "852-867",
  	doi        	= "10.1016/j.cpc.2008.01.036",
  	year       	= "2008",
  	eprint     	= "0710.3820",
  	archivePrefix  = "arXiv",
  	primaryClass   = "hep-ph",
  	reportNumber   = "FERMILAB-PUB-07-512-CD-T, LU TP 07-28",
  	SLACcitation   = "%%CITATION = HEP-PH/0710.3820;%%",
}

@article{Sirunyan:2019dfx,
  	author     	= "Sirunyan, Albert M and others",
  	title      	= "{Extraction and validation of a new set of CMS PYTHIA8
                    	tunes from underlying-event measurements}",
  	collaboration  = "CMS",
  	year       	= "2019",
  	eprint     	= "1903.12179",
  	archivePrefix  = "arXiv",
  	primaryClass   = "hep-ex",
  	reportNumber   = "CMS-GEN-17-001, CERN-EP-2019-007",
  	SLACcitation   = "%%CITATION = ARXIV:1903.12179;%%"
}



======= END Signal Clockwork

@article{Campbell:2019dru,
  	author     	= "Campbell, John and Neumann, Tobias",
  	title      	= "{Precision Phenomenology with MCFM}",
  	year       	= "2019",
  	eprint     	= "1909.09117",
  	archivePrefix  = "arXiv",
  	primaryClass   = "hep-ph",
  	reportNumber   = "FERMILAB-PUB-19-477-T, IIT-CAPP-19-03",
  	SLACcitation   = "%%CITATION = ARXIV:1909.09117;%%"
}

@phdthesis{Kaplan:2017,
	author = "Kaplan, Steven Mitchell",
	title = "{A Search for Large Extra Dimensions in the non-resonant Diphoton Channel with 35.9 $fb^{-1}$ of $\sqrt{s}$ = 13 TeV LHC Data }",
	doi = "10.1184/R1/18412073.v1",
	school = "Rutgers University",
	year = "2017"
}

@article{Degrande:2011ua,
      author         = "Degrande, Celine and Duhr, Claude and Fuks, Benjamin and
                        Grellscheid, David and Mattelaer, Olivier and Reiter,
                        Thomas",
      title          = "{UFO - The Universal FeynRules Output}",
      journal        = "Comput. Phys. Commun.",
      volume         = "183",
      year           = "2012",
      pages          = "1201-1214",
      doi            = "10.1016/j.cpc.2012.01.022",
      eprint         = "1108.2040",
      archivePrefix  = "arXiv",
      primaryClass   = "hep-ph",
      reportNumber   = "CP3-11-25, IPHC-PHENO-11-04, IPPP-11-39, DCPT-11-78,
                        MPP-2011-68",
      SLACcitation   = "%%CITATION = ARXIV:1108.2040;%%"
}



@TECHREPORT{CMS_AN_2017-027,
     AUTHOR       = "Doneg, Mauro and Musella, Pasquale and Pigazzini, Simone and Tabarelli de Fatis, Tommaso",
     TITLE        = "Search for high-mass resonances in the diphoton channel (full 2016 dataset)",
     TYPE      = "CMS Note",
     NUMBER       = "2017/206",
     URL          = "https://cms.cern.ch/iCMS/jsp/db_notes/noteInfo.jsp?cmsnoteid=CMS\%20AN-2017/206",
     YEAR         = "2017"}

@article{CMS:2017caz,
    author = "Sirunyan, Albert M and others",
    collaboration = "CMS",
    title = "{Search for new physics with dijet angular distributions in proton-proton collisions at $ \sqrt{s}=13 $ TeV}",
    eprint = "1703.09986",
    archivePrefix = "arXiv",
    primaryClass = "hep-ex",
    reportNumber = "CMS-EXO-15-009, CERN-EP-2017-047",
    doi = "10.1007/JHEP07(2017)013",
    journal = "JHEP",
    volume = "07",
    pages = "013",
    year = "2017"
}

@article{Gleisberg:2003ue,
      author         = "Gleisberg, Tanju and Krauss, Frank and Matchev,
                        Konstantin T. and Schalicke, Andreas and Schumann, Steffen
                        and others",
      title          = "Helicity formalism for spin-2 particles",
      journal        = "JHEP",
      volume         = "09",
      pages          = "001",
      doi            = "10.1088/1126-6708/2003/09/001",
      year           = "2003",
      eprint         = "hep-ph/0306182",
      archivePrefix  = "arXiv",
      primaryClass   = "hep-ph",
      reportNumber   = "UFIFT-HEP-03-9, CLNS-03-1829, CERN-TH-2003-135",
      SLACcitation   = "%%CITATION = HEP-PH/0306182;%%",
}


@online{CMSPublishing,
    author      = "The CMS Experiment",
    title       = "Publishing an Analysis CMS Experiment",
    url         = "https://cms.cern/content/publishing-analysis",
}

@article{Junk:1999kv,
    author = "Junk, Thomas",
    title = "{Confidence level computation for combining searches with small statistics}",
    eprint = "hep-ex/9902006",
    archivePrefix = "arXiv",
    reportNumber = "CARLETON-OPAL-PHYS-99-01, CERN-EP-99-041",
    doi = "10.1016/S0168-9002(99)00498-2",
    journal = "Nucl. Instrum. Meth. A",
    volume = "434",
    pages = "435--443",
    year = "1999"
}

@article{Read:2002hq,
    author = "Read, Alexander L.",
    editor = "Whalley, M. R. and Lyons, L.",
    title = "{Presentation of search results: The $CL_s$ technique}",
    doi = "10.1088/0954-3899/28/10/313",
    journal = "J. Phys. G",
    volume = "28",
    pages = "2693--2704",
    year = "2002"
}

@inproceedings{Beaudette:2013kbl,
    author = "Beaudette, Florian",
    collaboration = "CMS",
    title = "{The CMS Particle Flow Algorithm}",
    booktitle = "{International Conference on Calorimetry for the High Energy Frontier}",
    eprint = "1401.8155",
    archivePrefix = "arXiv",
    primaryClass = "hep-ex",
    pages = "295--304",
    year = "2013"
}

@article{CMS:2011uvc,
    author = "Chatrchyan, Serguei and others",
    collaboration = "CMS",
    title = "{Search for Large Extra Dimensions in the Diphoton Final State at the Large Hadron Collider}",
    eprint = "1103.4279",
    archivePrefix = "arXiv",
    primaryClass = "hep-ex",
    reportNumber = "CERN-PH-EP-2011-020, CMS-EXO-10-026",
    doi = "10.1007/JHEP05(2011)085",
    journal = "JHEP",
    volume = "05",
    pages = "085",
    year = "2011"
}

@article{D0:2008hxb,
    author = "Abazov, V. M. and others",
    collaboration = "D0",
    title = "{Search for Large extra spatial dimensions in the dielectron and diphoton channels in $p \bar{p}$ collisions at $\sqrt{s}$ = 1.96-TeV}",
    eprint = "0809.2813",
    archivePrefix = "arXiv",
    primaryClass = "hep-ex",
    reportNumber = "FERMILAB-PUB-08-368-E",
    doi = "10.1103/PhysRevLett.102.051601",
    journal = "Phys. Rev. Lett.",
    volume = "102",
    pages = "051601",
    year = "2009"
}

@online{QuantaMagNewMap:2,
    author      = "Natalie Wolchover, Samuel Velasco, Lucy Reading Ikkanda",
    title       = "A New map of the Standard Model",
    year        = "2020",
    url         = "https://www.quantamagazine.org/a-new-map-of-the-standard-model-of-particle-physics-20201022/",
}


@online{QuantaMagNewMap,
    author      = "Natalie Wolchover, Samuel Velasco, Lucy Reading Ikkanda",
    title       = "A New map of the Standard Model",
    year        = "2020",
    url         = "https://www.quantamagazine.org/a-new-map-of-the-standard-model-of-particle-physics-20201022/",
}


@inproceedings{Quigg:2005wa,
    author = "Quigg, Chris",
    title = "{The Double simplex}",
    booktitle = "{GUSTAVOFEST: Symposium in Honor of Gustavo C. Branco: CP Violation and the Flavor Puzzle}",
    eprint = "hep-ph/0509037",
    archivePrefix = "arXiv",
    reportNumber = "FERMILAB-CONF-05-371-T",
    pages = "193--210",
    month = "9",
    year = "2005"
}

https://arxiv.org/pdf/1712.06982.pdf
@article{Albrecht:2019,
    author = "Johannes Albrecht and others",
    title = "{A Roadmap for {HEP} Software and Computing R{\&}amp$\mathsemicolon$D for the 2020s}",
    doi = "0.1007%2Fs41781-018-0018-8",
    archivePrefix = "arXiv",
    journal = "Computing and Software for Big Science",
    volume = "3",
    year = "2019"
}

@article{Cavallari:2020ydz,
    author = "Cavallari, Francesca and Rovelli, Chiara",
    editor = "Doglioni, C. and Kim, D. and Stewart, G. A. and Silvestris, L. and Jackson, P. and Kamleh, W.",
    collaboration = "CMS",
    title = "{Calibration and Performance of the CMS Electromagnetic Calorimeter in LHC Run2}",
    doi = "10.1051/epjconf/202024502027",
    journal = "EPJ Web Conf.",
    volume = "245",
    pages = "02027",
    year = "2020"
}

@article{vertex1,
  title = {Observation of the diphoton decay of the {H}iggs boson and measurement of its properties},
  author    = "{CMS Collaboration}",
  collaboration = "CMS",
  journal = "Eur. Phys. J. C",
  volume = "74",
  year = "2014",
  pages = "3076",
  doi = {10.1140/epjc/s10052-014-3076-z},
  eprint = "1407.0558",
  archivePrefix = "arXiv",
}

@article{vertex2,
  title = {Measurements of {Higgs} boson properties in the diphoton decay channel in proton-proton collisions at $\sqrt{s}=13$~{TeV}},
  author    = "{CMS Collaboration}",
  collaboration = "CMS",
  journal = "JHEP",
  volume = "11",
  year = "2018",
  pages = "185",
  doi = {10.1007/JHEP11(2018)185},
  eprint = "1804.02716",
  archivePrefix = "arXiv",
}

@techreport{ATLAS:1379837,
      title         = "Procedure for the {LHC} {Higgs} boson search combination in
                       {Summer} 2011",
      author = "{ATLAS and CMS Collaborations, and LHC Higgs Combination Group}",
      number        = "CMS-NOTE-2011-005, ATL-PHYS-PUB-2011-11",
      year          = "2011",
      reportNumber  = "CMS-NOTE-2011-005",
      url           = "https://cds.cern.ch/record/1379837",
}

@article{Cowan:2010js,
      author         = "Cowan, Glen and Cranmer, Kyle and Gross, Eilam and
                        Vitells, Ofer",
      title          = "Asymptotic formulae for likelihood-based tests of new
                        physics",
      journal        = "Eur. Phys. J. C",
      volume         = "71",
      year           = "2011",
      pages          = "1554",
      doi            = "10.1140/epjc/s10052-011-1554-0",
      note           = "[Erratum: \DOI{10.1140/epjc/s10052-013-2501-z}]",
      eprint         = "1007.1727",
      archivePrefix  = "arXiv",
      primaryClass   = "physics.data-an",
      SLACcitation   = "%%CITATION = ARXIV:1007.1727;%%"
}

